3106 5034
201 493 311 565 quove
337 465 458 540 eadem
486 492 623 538 rursum
652 475 776 539 natura
803 473 984 563 perempta
1009 463 1172 548 resolvat3

201 609 291 680 quae
317 608 379 655 nos
405 583 586 654 materiem
613 589 645 653 et
672 581 838 677 genitalia
864 606 1008 678 corpora
1033 581 1137 652 rebus

201 699 385 771 reddunda
411 699 447 769 in
476 698 608 769 ratione
635 723 754 769 vorare
781 706 814 769 et
840 697 973 769 semina
999 721 1116 768 rerum

128 836 162 886 60
205 815 381 912 appellare
407 821 548 886 suemus
573 821 607 885 et
634 813 717 884 haec
744 812 863 884 eadem
892 837 1060 908 usurpare

202 956 345 1027 corpora
372 931 504 1026 prima,
532 929 627 1025 quod
653 955 694 1000 cx
720 923 791 999 illis
817 935 898 998 sunt
924 927 1042 998 onmia
1069 925 1209 1022 primis.

251 1046 418 1116 Humana
444 1053 524 1116 ante
550 1044 668 1115 oculos
694 1042 793 1114 foede
820 1068 900 1114 cum
928 1043 998 1114 vita
1025 1042 1150 1113 iaceret
1201 1042 1371 1124 prooemium
1392 1040 1457 1090 trun

202 1162 238 1231 in
265 1161 365 1232 terris
390 1185 550 1256 oppressa
577 1159 672 1255 gravi
699 1159 765 1229 sub
792 1158 978 1254 religione,
1285 1128 1375 1179 primi.

204 1301 293 1372 quae
319 1283 425 1371 caput
450 1302 469 1347 a
496 1276 581 1347 caeli
608 1274 810 1370 regionibus
833 1273 1039 1346 ostendebat

130 1413 163 1462 aa
206 1391 365 1463 horribili
392 1416 496 1488 super
522 1401 663 1488 aspectu
691 1392 898 1464 mortalibus
924 1392 1077 1475 instans,
1160 1392 1162 1395 ’

204 1508 359 1604 primum
386 1507 512 1578 Graius
538 1508 642 1579 homo
668 1508 824 1580 mortalis
851 1508 971 1579 tollere
998 1515 1118 1578 contra

202 1631 252 1694 est
277 1622 395 1693 oculos
421 1647 525 1721 ausus
552 1624 756 1720 primusque
783 1624 947 1695 obsistere
974 1630 1111 1706 contra;

205 1763 311 1832 quem
337 1762 451 1833 neque
477 1737 568 1810 fama
596 1739 702 1810 deum
729 1765 792 1810 nec
819 1738 970 1809 fulmina
997 1763 1059 1808 nec
1086 1735 1264 1808 minitanti

204 1878 384 1924 murmure
411 1854 612 1950 compressit
638 1854 793 1939 caelum,
820 1853 880 1925 sed
906 1879 946 1924 eo
973 1853 1082 1949 magis
1108 1876 1220 1924 acrem

136 1989 170 2038 ro
211 1967 332 2039 inritat
358 1968 467 2039 animi
494 1969 678 2054 virtutem,
706 1970 888 2065 effringere
915 1978 955 2041 ut
981 1978 1053 2040 arta

208 2091 353 2154 naturae
379 2084 515 2179 primus
542 2092 719 2181 portarum
748 2085 897 2157 claustra
923 2085 1077 2181 cupiret.

212 2222 293 2293 ergo
319 2198 435 2270 vivida
461 2199 511 2270 vis
537 2200 646 2271 animi
673 2200 836 2296 pervicit,
865 2207 899 2271 et
924 2208 1019 2271 extra

213 2312 378 2408 processit
404 2312 505 2409 longe
531 2314 749 2386 flammantia
776 2315 912 2386 moenia
939 2314 1064 2386 mundi

141 2519 344 2527 -——-..

183 2667 234 2729 57.
261 2668 347 2747 ‘clance
376 2697 424 2748 pro
443 2697 536 2748 paeane
557 2681 611 2751 [ie.
631 2687 658 2734 et
676 2681 839 2752 quo]‚qu0d
852 2683 1103 2750 foratambignum.
1122 2712 1156 2718 -
1175 2680 1365 2731 eadernnatara

138 2769 244 2818 resoluat
266 2777 396 2835 perempta
427 2768 482 2839 [ie.
511 2786 553 2821 res
581 2769 757 2839 peremptas}
795 2761 848 2822 60.
886 2787 1016 2838 usurpare.
1054 2769 1110 2821 Cic.
1138 2769 1171 2820 de
1191 2770 1235 2821 off.
1255 2769 1315 2830 2,39
1336 2766 1364 2818 C.

139 2855 242 2906 Laetius
267 2857 292 2906 'is
319 2858 364 2922 qai
388 2852 497 2925 Sapiens
524 2867 668 2926 usurpatur.
705 2849 746 2909 61.
784 2861 895 2912 Praeter
922 2860 988 2911 haec
1019 2860 1130 2910 nomina
1149 2858 1213 2909 Luc.
1233 2861 1364 2925 usurpat:

139 2944 245 3006 seiteina,
274 2960 380 3011 corpora
407 2944 559 3014 (materiai),
587 2949 744 3014 corpuscula,
768 2948 866 3016 prima,
889 2948 1011 3016 fiparas,·
1030 2963 1182 3014 numquam
1203 2954 1298 2997 atomos
1318 2961 1366 2996 nec

140 3031 313 3100 (corpuscula)
342 3033 485 3096 individua,
514 3035 616 3101 quibus
644 3037 804 3088 nominibus
824 3036 918 3090 Cicero
939 3039 1042 3105 primus
1062 3052 1127 3088 usus
1147 3041 1195 3087 est.
1233 3035 1367 3102 Epicurus

140 3137 244 3183 atomos
271 3132 393 3198 appellat
419 3124 494 3206 (cair
519 3119 632 3207 ὄντων)
654 3117 762 3210 ἀρχάς)
783 3126 925 3207 σώματα,
941 3121 1047 3207 ἄτομα
1059 3125 1201 3207 σώματα,
1216 3117 1367 3204 ἀτόμους.

140 3217 192 3278 65.
230 3231 343 3282 vocibus
370 3247 445 3297 saper
474 3229 648 3299 [adverbium
668 3238 717 3295 est,
737 3239 767 3284 nt
786 3233 859 3303 1,39]
881 3234 978 3285 instans
999 3238 1076 3301 poeta
1096 3233 1240 3300 designare
1259 3230 1368 3281 videtur

139 3318 345 3385 superstitionem.
383 3308 434 3368 66.
474 3317 571 3370 Graias
590 3321 661 3371 tomo
681 3327 721 3373 est
739 3323 883 3389 Epicurus,
903 3324 980 3374 cuius
1000 3323 1152 3375 doctrinam
1173 3326 1252 3389 poeto
1274 3320 1368 3371 latinis

143 3408 265 3458 versibus
285 3408 407 3459 illustrat
428 3407 488 3476 [cfr.
508 3408 586 3470 1,136
606 3409 678 3479 sqq.]
693 3429 698 3472 ;
719 3427 818 3463 nomen
830 3413 889 3463 eius
899 3412 963 3463 Luc.
973 3411 1058 3463 semel
1068 3416 1175 3462 tautum
1186 3409 1254 3461 dicit
1263 3408 1368 3470 3,1042.

142 3497 229 3548 Notus
257 3502 298 3548 est
328 3499 356 3547 in
386 3514 456 3565 pago
484 3497 584 3560 Attico,
613 3501 657 3550 cui
687 3516 785 3551 nomen
812 3500 976 3568 Gargettus;
1002 3500 1165 3567 sapientiam
1184 3514 1260 3549 suam
1282 3498 1369 3564 primo

143 3584 258 3636 tradidit
277 3586 514 3652 Mytilenensibus,
534 3587 633 3639 deinde
653 3588 852 3654 Lampsacenis,
872 3589 991 3656 denique
1011 3590 1045 3640 ab
1065 3604 1138 3639 anno
1158 3587 1209 3638 306
1220 3586 1369 3637 Athenien·

143 3674 228 3735 sibus,
247 3677 275 3725 in
296 3691 412 3741 quorum
436 3677 501 3727 urbe
520 3683 645 3748 mortuus
664 3683 704 3728 est
723 3693 747 3729 a.
767 3678 827 3729 270.
846 3677 1017 3745 —.Graecos
1036 3677 1178 3745 appellant
1194 3676 1263 3743 epici
1276 3680 1369 3742 poetae

146 3761 248 3813 Graios.
276 3793 311 3800 -
340 3765 421 3815 tollere
449 3770 475 3816 ct
503 3765 595 3817 iaceret
617 3767 673 3834 (62)
692 3767 764 3817 inter
782 3782 810 3817 se
829 3769 955 3834 opposita
973 3772 1046 3818 sunt.
1083 3767 1226 3817 Praetereo
1245 3765 1293 3814 cfr.
1312 3763 1371 3815 Liv·

144 3850 231 3912 6,16,3
259 3868 303 3902 nec
330 3852 449 3903 artocreas
477 3855 637 3906 dictatoriam
664 3856 714 3906 vna
742 3863 787 3906 ant
813 3857 908 3906 tribuni
926 3855 1008 3923 plebis
1027 3863 1071 3906 ant
1089 3855 1146 3921 ipsa
1161 3853 1245 3920 plebes
1263 3852 1372 3902 attollere

144 3941 226 3990 oculos
254 3949 298 3991 act
325 3941 417 3993 hiscere
444 3943 577 3994 (iaciebant.
615 3933 668 3993 70.
706 3946 795 3997 inritat
817 3945 844 4012 (a
863 3944 947 4012 longa
966 3945 1016 4011 est)
1036 3945 1078 3995 ie.
1098 3943 1231 3994 inritavit.
1269 3940 1371 3993 Eodem

125 4029 225 4081 'ruodo
245 4031 392 4081 formatum
413 4037 453 4082 est
471 4031 609 4084 disturbat
623 4034 733 4102 (6‚587).
771 4023 812 4084 71.
850 4034 946 4100 capiret
965 4049 1012 4100 pro
1031 4040 1137 4100 cuperet,
1157 4036 1188 4082 ut
1207 4030 1277 4081 Eun.
1297 4029 1371 4080 Ann.

144 4119 179 4169 10
202 4119 292 4185 parire
322 4135 369 4185 pro
394 4136 495 4187 parere,
524 4121 576 4171 384
604 4123 725 4173 morimur
753 4124 775 4189 (i
798 4121 960 4190 longeest),
980 4120 1140 4172 Ovidltlet.
1160 4119 1371 4182 rememorat.

145 4195 195 4256 73.
234 4208 334 4259 moenia
362 4209 453 4259 errandi
480 4214 559 4275 poeta
587 4209 654 4261 dicit
682 4212 832 4278 igniferum
852 4211 971 4272 aethera,
991 4211 1068 4261 cuius
1088 4210 1223 4277 originem
1243 4209 1373 4260 describit

145 4297 303 4359 ater-ro,
322 4328 357 4334 -
376 4298 485 4363 Quanta
505 4316 565 4349 curn
586 4300 767 4352 admiratione
789 4305 868 4366 poeta
887 4304 1030 4368 cognosset
1048 4299 1141 4366 spectri
1158 4314 1241 4365 quam
1262 4297 1372 4365 physici

146 4385 242 4437 dicunt
270 4387 399 4453 anatpsin,
428 4404 477 4455 per
505 4404 587 4455 quam
613 4388 695 4456 longe
722 4388 873 4456 procedunt
896 4389 975 4441 extra
993 4390 1103 4440 moenia
1121 4386 1219 4438 mundi
1238 4387 1373 4453 nobisque

148 4475 271 4527 referunt
291 4493 325 4527 ex
345 4477 447 4543 quibus
466 4478 548 4528 rebus
566 4477 656 4529 sidem
676 4483 800 4530 constent
