3106 5034
151 567 302 665 amplexi
328 567 423 664 quod
450 568 580 640 habent
601 595 683 666 perv

52 704 122 755 1010
150 708 232 755 nam
259 683 415 755 medium
443 684 493 754 nil
519 709 590 756 esse
616 692 729 781 potest

106 860 109 865 .
150 798 307 884 infinita3
336 825 449 895 neque
475 800 636 886 omnino,
664 800 693 871 si
719 800 789 872 iam
817 796 974 869 medium
1001 794 1063 877 sit,

152 914 260 1011 possit
285 913 337 986 ibi
364 916 557 1012 quiequam
583 917 768 988 consistere

151 1055 258 1127 quarn
287 1031 409 1126 quavis
434 1031 503 1103 alia
530 1033 631 1129 longe
657 1032 790 1104 ratione

150 1146 265 1218 omnis
291 1147 385 1218 enim
413 1147 510 1218 loeus
536 1173 575 1219 ac
602 1147 775 1244 spatium,
803 1144 898 1241 quod
925 1143 1029 1213 inane
1054 1162 1236 1222 vocamus

55 1278 123 1332 1015
151 1286 213 1358 per
238 1262 416 1347 medium,
445 1289 506 1360 per
532 1289 599 1334 non
629 1264 807 1347 medium,
835 1257 1023 1332 concedere
1049 1255 1154 1327 debet

151 1401 261 1473 aeque
288 1370 522 1474 ponderibus
542 1387 666 1452 motus
692 1400 917 1475 quacumque
943 1374 1122 1445 feruntur.

152 1517 215 1564 nec
241 1493 429 1590 quisquam
456 1495 553 1566 loous
579 1503 647 1579 est,
676 1520 747 1591 quo
773 1517 916 1590 corpora
942 1515 1019 1561 com
1046 1492 1234 1569 venerunt,

153 1607 316 1703 ponderis
341 1609 465 1681 amissa
491 1611 525 1681 vi
552 1610 684 1707 possint
710 1618 799 1681 stare
825 1608 861 1678 in
888 1605 1006 1677 inani:

153 1747 216 1795 nec
242 1724 338 1820 quod
363 1724 467 1796 inane
493 1733 610 1797 autem
637 1734 687 1797 est
713 1725 778 1796 ulli
804 1723 989 1796 subsistere
1015 1718 1137 1802 debet,

58 1856 127 1908 1000
154 1839 260 1935 quin,
289 1865 351 1912 sua
377 1841 473 1938 quod
499 1849 624 1913 natura
650 1842 757 1939 petit,
785 1838 973 1912 concedere
1000 1841 1137 1933 pergat.

153 1953 249 2025 haud
275 1955 384 2052 igitur
409 1965 554 2053 possunt
579 1958 640 2029 tali
667 1957 800 2029 ratione
826 1953 936 2027 teneri

153 2069 268 2141 resin
295 2070 484 2143 concilium
511 2072 620 2144 medii
646 2071 845 2169 cuppedine
871 2069 998 2141 victae.

202 2184 381 2258 Praeterea
407 2189 572 2283 quoniam
601 2214 670 2259 non
697 2187 816 2260 omnia
842 2208 984 2280 corpora
1010 2183 1149 2277 lingunt

153 2300 190 2371 in
218 2301 376 2373 medium
403 2303 492 2389 niti,
519 2305 579 2376 sed
605 2312 776 2376 terrarum
803 2310 908 2398 atque
934 2297 1098 2396 liquoris

60 2433 128 2486 1085
156 2424 190 2488 et
216 2418 315 2512 quasi
341 2427 477 2490 terreno
503 2446 593 2517 quae
619 2446 760 2516 corpore
787 2417 1050 2497 contineantur,

153 2556 310 2603 umorem
339 2535 437 2630 ponti
464 2561 676 2632 magnasque
702 2561 720 2607 0
747 2533 926 2606 montibus
951 2530 1082 2613 undas,

153 2653 188 2718 at
214 2656 333 2719 contra
357 2650 473 2722 tenuis
499 2660 678 2749 exponunt
704 2651 791 2722 aeris
817 2674 917 2722 auras

63 2956 188 3023 apposita
216 2959 257 3006 cst
268 2973 275 3017 3
304 2957 332 3005 in
353 2954 481 3023 Oblongo
501 2958 620 3023 spatium
640 2962 700 3009 octo
720 2957 845 3009 versibus
864 2953 1028 3021 recipiendis
1047 2956 1142 3019 aptum
1162 2949 1289 3000 relictum

56 3048 105 3096 est.
142 3044 200 3095 lam
230 3043 297 3111 quid
328 3044 379 3096 hoc
408 3046 447 3095 rei
476 3050 553 3108 esset,
583 3046 783 3108 Laohmannus,
809 3046 857 3113 qui
883 3058 990 3094 carmen
1011 3040 1099 3093 edidit
1117 3055 1190 3091 anno
1210 3037 1289 3098 1850,

57 3135 215 3201 perspexit:
244 3135 273 3184 in
302 3133 461 3200 Archetypo
490 3151 551 3201 pars
580 3135 694 3187 schedae
723 3137 836 3187 rescissa
864 3137 938 3194 erat;
968 3145 1063 3183 versus
1096 3133 1157 3181 octo
1185 3128 1214 3178 in
1235 3128 1289 3177 tine

57 3221 170 3274 mutilos
189 3223 305 3289 scriptor
324 3221 446 3290 Oblongi
456 3225 589 3286 servavit;
608 3226 656 3292 qui
668 3226 756 3299 capite
768 3224 886 3275 truncati
897 3225 987 3272 essent
997 3221 1026 3270 in
1038 3215 1290 3288 pagineinteriore,

56 3327 101 3364 eos
120 3315 181 3364 octo
201 3328 236 3362 ne
255 3311 299 3362 hic
310 3311 422 3378 quidem
433 3302 551 3363 scribere
561 3328 644 3365 ausus
655 3318 703 3365 est.
733 3312 838 3364 Deinde
848 3315 962 3380 apparet
972 3311 1001 3361 in
1012 3306 1288 3378 quaque-Archetypi

58 3402 160 3469 pagina
188 3401 272 3452 fuisse
302 3402 403 3467 viginti
431 3416 479 3451 sex
505 3417 608 3452 versus.
646 3393 1288 3453 7010011071001101000011111010011001110111

55 3489 96 3553 sit,
121 3489 192 3541 1074
209 3506 268 3540 -ane
286 3506 413 3552 vocamus,
432 3489 503 3540 1075
523 3490 598 3541 debet.
636 3491 752 3542 Versum
771 3489 841 3541 1068
856 3489 978 3557 suppleri
991 3503 1069 3555 posse
1079 3485 1207 3538 addendo
1221 3501 1291 3537 error

58 3579 158 3631 somnia
171 3578 260 3647 finxit,
279 3578 349 3630 1069
365 3595 432 3630 -ersc
450 3595 502 3630 rent
520 3579 627 3642 ratione,
638 3579 707 3631 1072
724 3579 871 3646 euntmapt's
887 3579 917 3629 00
926 3595 987 3641 rent,
999 3577 1067 3628 1073
1078 3575 1166 3644 repelli
1174 3576 1290 3627 coniecit

58 3668 165 3730 Munro,
189 3668 259 3718 1070
278 3668 322 3718 ubi
338 3684 437 3718 summu
452 3667 605 3735 profundat
622 3667 789 3719 Lachmann.
828 3654 912 3717 l077·
951 3683 1006 3718 com
1025 3668 1043 3717 i.
1062 3681 1085 3717 0.
1105 3681 1200 3733 quom,
1219 3681 1289 3716 cum.

59 3743 144 3806 1070.
182 3757 230 3807 ulli
255 3757 273 3807 i.
293 3773 315 3807 e.
337 3756 388 3806 ulli
408 3758 456 3807 rei.
494 3755 550 3807 Cfr.
570 3739 717 3808 nuliiussc.
737 3758 776 3808 rei
797 3775 821 3807 v.
842 3756 940 3808 21401
960 3756 1068 3806 uultui.
1089 3771 1111 3806 e.
1132 3754 1227 3805 nullae
1247 3769 1289 3805 res

59 3863 84 3897 v.
112 3845 173 3897 242.
199 3876 234 3882 —
258 3845 389 3897 subsistere
408 3847 425 3896 i.
446 3862 468 3896 e.
489 3845 661 3896 fundamenti
682 3846 742 3898 loeo
761 3861 827 3907 csse,
847 3844 1023 3896 fundamenti
1043 3846 1129 3896 vicem
1151 3845 1290 3912 praebere.

60 3921 143 3983 1080.
182 3936 200 3985 i.
228 3950 251 3985 e.
281 3938 311 3985 ut
340 3950 395 3986 non
416 3939 512 4002 pergat
530 3936 559 4002 (i.
579 3950 601 3986 e.
622 3939 652 3986 01
671 3934 795 3996 desinat3
816 3936 864 3985 cfr.
883 3933 918 3985 ad
938 3918 983 4000 10)
1004 3933 1095 3986 100010
1114 3933 1179 3985 dare
1199 3949 1290 4000 corpo-

59 4024 144 4086 ribus,
173 4023 202 4075 id
230 4023 304 4091 quod
334 4039 384 4074 sna
412 4029 510 4075 natura
540 4026 608 4091 petit
636 4029 662 4075 et
691 4024 812 4091 postulat
830 4024 859 4091 (i.
879 4039 902 4075 e.
921 4022 950 4074 id
969 4022 1043 4090 quod
1064 4027 1179 4074 naturae
1199 4024 1290 4074 inanis

58 4113 201 4180 proprium
229 4112 288 4179 est).
326 4099 397 4160 l08l.
436 4113 515 4163 teneri
540 4113 568 4162 in
595 4113 729 4163 conciliant
752 4115 770 4163 i.
800 4129 822 4164 0.
843 4114 881 4163 ita
901 4114 996 4173 teneri,
1015 4116 1047 4163 ut
1066 4111 1214 4164 concilium
1234 4112 1289 4163 fiat.

59 4188 144 4251 l082.
183 4201 322 4268 cuppedine
350 4203 367 4251 i.
396 4218 419 4252 e.
447 4200 585 4268 cupidine.
625 4189 711 4250 l085.
749 4209 772 4252 et
799 4201 1005 4268 explicativum‚
1034 4203 1052 4252 i.
1082 4218 1105 4252 e.
1124 4201 1236 4253 scilicet.
1258 4231 1290 4238 —

58 4291 133 4358 quasi
150 4289 291 4341 interdum
310 4290 422 4341 additur
440 4292 591 4341 sententiae
611 4290 705 4352 falsae,
726 4290 811 4342 veluti
823 4290 847 4351 3,
864 4291 923 4342 729.
943 4290 1085 4342 Lucretius
1096 4291 1168 4342 ridet
1177 4289 1291 4352 Stoicos,

58 4381 106 4446 qui
134 4383 233 4446 putent
260 4395 333 4430 mare
362 4384 389 4430 et
412 4394 505 4430 amnes
525 4383 612 4430 terrae
631 4378 715 4446 globo
735 4381 773 4430 ita
792 4381 936 4442 contineri,
957 4384 986 4432 ut
1005 4396 1066 4431 cum
1086 4395 1170 4447 supra
1189 4383 1289 4431 terram

58 4468 123 4529 sint,
151 4467 272 4519 medium
302 4473 393 4519 tamen
422 4468 513 4520 locum
542 4472 702 4535 expetentes
731 4468 934 4537 conglobentur
961 4468 1085 4536 undique
1104 4469 1291 4536 aequabiliter

59 4573 150 4625 neque
179 4557 335 4611 redundent
356 4573 476 4626 unquam
491 4573 587 4626 neque
607 4556 792 4610 effundantur.
812 4557 868 4610 Cfr.
887 4557 943 4610 Cio.
963 4557 996 4610 de
1015 4563 1072 4610 nat.
1091 4558 1165 4611 deor.
1182 4559 1209 4623 1,
1228 4560 1290 4612 116.
