3106 5034
1299 261 1338 335 ll

190 457 424 535 Memmiadae
451 468 585 549 nostro,
614 488 720 560 quem
746 470 804 548 tu,
833 460 915 548 dea,
943 471 1099 559 tempore
1125 463 1160 534 in
1188 464 1284 534 anmi

189 579 353 650 omnibus
379 586 541 650 ornatum
569 579 707 650 voluisti
733 578 899 651 excellere
926 579 1046 651 rebus.

189 719 259 790 quo
286 694 396 790 magis
421 703 601 766 aeternum
629 695 820 778 dedistis,
848 695 946 779 diva,
975 694 1138 790 leporem.

189 809 285 880 effice
311 818 351 880 ut
377 809 508 881 interea
534 810 605 882 iera
632 835 793 881 moenera
820 809 960 880 militiai

116 943 151 993 ao
193 949 253 1019 per
280 924 389 995 maria
415 949 453 996 ao
480 932 587 996 terras
612 925 726 996 omnis
751 925 864 1020 sopita
888 924 1088 1020 quiescant:

191 1065 272 1110 nam
299 1047 338 1110 tu
365 1040 436 1112 sola
462 1047 559 1137 potes
584 1040 775 1137 tranquilla
801 1065 885 1136 pace
911 1039 1030 1115 iuvare

192 1154 365 1240 mortalis,
394 1156 560 1252 quoniam
588 1155 672 1228 belli
699 1156 770 1228 iera
797 1181 957 1227 moenera
983 1155 1120 1227 Mavors

190 1270 403 1373 armipotens
428 1271 534 1366 regit,
562 1272 598 1342 in
624 1271 798 1368 gremium
826 1271 889 1368 qui
915 1295 1016 1367 saepe
1041 1279 1144 1342 tuum
1172 1297 1207 1342 se

190 1385 289 1456 reicit
315 1394 454 1457 aeterno
480 1386 637 1458 devictus
663 1385 805 1458 vulnere
831 1386 978 1471 amoris,

118 1520 151 1570 35
193 1509 298 1596 atque
324 1501 372 1572 ita
398 1501 608 1598 suspicienS‚
636 1502 736 1573 tereti
762 1502 894 1574 cervice
920 1511 1093 1598 reposta,

191 1615 301 1710 pascit
326 1641 442 1687 amore
469 1616 605 1702 avidos,
633 1617 773 1689 inhians
798 1617 834 1688 in
861 1626 913 1702 te,
941 1617 1024 1702 dea,
1054 1617 1163 1702 visus,

193 1754 281 1825 eque
307 1738 368 1801 tuo
395 1731 524 1826 pendet
549 1732 706 1829 resupini
732 1733 875 1828 spiritus
901 1758 978 1804 ore.

194 1844 287 1916 hunc
313 1854 372 1931 tu,
400 1845 498 1932 diva,
525 1855 587 1918 tuo
613 1848 839 1919 recubantem
866 1872 1007 1944 corpore
1034 1856 1152 1920 sancto

164 2033 215 2095 26.
253 2045 430 2096 Memmiadae
457 2047 500 2096 ie.
529 2046 718 2097 Memmiorum
740 2045 883 2097 clarorum
913 2047 1067 2113 propagini.
1098 2044 1154 2097 Cfr.
1174 2047 1255 2114 Verg.
1275 2046 1345 2098 Aen.

118 2134 195 2197 5,117
224 2134 306 2185 Italas
334 2133 490 2196 Mnestheus,
512 2150 590 2201 penus
609 2150 626 2184 a
644 2150 692 2200 qao
711 2133 810 2185 nomine
829 2133 947 2184 Memmi.
967 2134 1046 2185 Hunc
1066 2134 1151 2202 vulgo
1171 2139 1270 2202 putant
1288 2151 1345 2187 esse

118 2221 148 2275 C.
168 2223 324 2274 Memmium
345 2222 374 2274 L.
394 2223 421 2283 f„
441 2223 490 2288 qui
519 2222 647 2273 tribunus
676 2221 764 2289 plebis
784 2223 837 2273 fuit
856 2237 929 2274 anno
949 2221 982 2272 66
1002 2239 1026 2274 a.
1046 2221 1110 2274 Chr.
1130 2240 1165 2285 n.,
1187 2229 1341 2290 praeturam

119 2313 203 2379 gessit
230 2327 254 2362 a.
283 2311 326 2373 58,
355 2311 543 2378 proximisque
572 2311 652 2361 anuis
671 2309 800 2378 (ar-56)
820 2315 980 2378 propraetor
998 2312 1052 2363 fuit
1070 2311 1227 2378 Bithyniae.
1264 2312 1347 2364 Anno

118 2401 152 2452 54
179 2400 213 2452 de
241 2401 346 2452 ambitu
367 2399 564 2451 condemnatus
583 2398 707 2450 Athenas
726 2400 758 2450 iit
778 2401 806 2450 in
826 2398 952 2451 exilium.
972 2397 1066 2452 Cicero
1085 2416 1147 2451 eum
1168 2400 1235 2452 dicit
1256 2399 1345 2470 [Brut.

119 2488 182 2558 247]
214 2490 362 2556 perfectum
391 2488 499 2550 litteris,
528 2487 574 2539 scd
609 2489 722 2555 graecis,
752 2487 926 2540 fastidiosum
945 2503 1010 2539 sane
1029 2488 1196 2550 latinarum3
1216 2493 1344 2557 argutum

118 2584 252 2631 oratorem
281 2579 434 2645 verbisque,
457 2577 574 2639 dulcem,
603 2576 650 2628 sed
670 2578 822 2645 fugientem
844 2593 898 2628 non
919 2576 1127 2628 mododicendi
1149 2579 1344 2629 verumetiam
1434 2577 1436 2582 ’

118 2667 258 2735 cogitandi
279 2666 410 2718 laborem.
430 2667 491 2719 Non
512 2671 602 2717 tamen
618 2681 667 2732 pro
678 2670 751 2717 certo
762 2665 891 2716 allirmari
904 2671 991 2732 potest
1001 2666 1074 2717 hune
1087 2668 1177 2734 potius
1188 2667 1346 2718 Memmium

118 2772 134 2807 a
160 2755 286 2807 Lucretio
314 2755 473 2822 significari,
502 2753 585 2821 quam
613 2755 672 2805 eius
700 2755 793 2805 fratris
820 2753 917 2816 filium,
936 2756 980 2805 cui
999 2754 1071 2806 idem
1092 2761 1151 2807 erat
1169 2771 1277 2817 nomen,
1297 2757 1345 2822 qui

121 2844 250 2895 tribunus
271 2844 358 2910 plebis
378 2844 431 2894 fuit
450 2859 474 2894 a.
495 2843 536 2905 54,
556 2847 604 2894 aut
623 2841 652 2894 C.
672 2843 832 2894 Memmium>
850 2841 879 2894 C.
901 2841 1058 2912 [praetoris]
1080 2845 1098 2895 f.
1118 2844 1219 2896 Fausta
1238 2849 1344 2906 natum,

120 2944 168 3008 qui
189 2941 286 2994 consul
306 2943 435 2993 suffectus
454 2943 507 2993 fuit
526 2957 599 2994 anno
618 2941 661 2993 34.
699 2937 750 2999 27.
789 2939 845 2993 Cir.
864 2940 914 2992 Od.
934 2942 1012 3003 arat
1027 2924 1200 3019 nattaoipo’
1214 2925 1346 3020 ἀρετῇσι

120 3027 319 3104 κεκασμένον
342 3022 377 3085 ἕν
401 3023 568 3086 Δαναοῖσι.
615 3027 668 3089 28.
697 3039 817 3106 Leporem
828 3039 920 3090 Venus
931 3045 1025 3106 poetae
1037 3040 1145 3106 roganti
1157 3041 1210 3090 iam
1221 3039 1345 3091 dederat:

121 3129 236 3197 pulchra
265 3131 338 3180 enim
367 3129 565 3181 allitteratione
595 3143 715 3180 consona
744 3128 826 3178 verba
855 3127 890 3178 da
918 3127 992 3178 dictis
1020 3128 1080 3178 diva
1108 3129 1254 3179 coniuncta
1273 3134 1346 3180 sunt.

120 3206 172 3268 29.
210 3235 325 3269 moenera
353 3219 395 3269 ie.
425 3235 547 3270 munera.
576 3217 639 3269 Luc.
667 3217 762 3268 scribit
790 3217 871 3267 etiam
896 3232 1044 3278 moerorum,
1068 3217 1212 3282 poeniceas,
1228 3218 1349 3284 poenibat

123 3305 178 3377 [ie.
197 3306 353 3376 puniebat].
390 3307 588 3375 Diphthongus
606 3324 643 3368 oe,
663 3311 728 3358 nata
747 3323 781 3357 ex
800 3305 835 3367 oi,
854 3304 973 3372 denique
993 3309 1099 3356 mutata
1116 3311 1156 3356 est
1167 3307 1194 3356 ia
1205 3323 1231 3368 a,
1243 3305 1346 3357 veluti:

121 3398 215 3460 cinam,
235 3413 333 3458 oenarn,
352 3413 438 3447 anam.
457 3427 492 3433 -
510 3396 622 3447 militiai.
642 3395 706 3447 Luc.
726 3396 815 3445 utitur
824 3399 851 3445 ct
861 3409 932 3446 nova
943 3394 1031 3445 forma
1042 3395 1144 3460 primae
1155 3393 1348 3446 declinationis

121 3485 175 3552 (ae)
203 3491 230 3536 et
253 3486 369 3552 antiqua
387 3484 440 3553 (aa)
458 3486 694 3537 substantivorum
714 3489 740 3535 et
759 3483 956 3534 adiectivorum
976 3498 1040 3533 casu
1059 3485 1188 3549 genetivo
1207 3487 1234 3534 et
1254 3482 1348 3535 dativo

121 3572 232 3640 (1,453).
274 3562 328 3624 30.
358 3574 448 3641 Sopita
466 3573 601 3642 quiescant.
641 3573 742 3634 lHanc,
761 3588 844 3638 quam
864 3571 955 3622 verbis
975 3572 1128 3623 coniunctis
1147 3573 1224 3623 ederi
1242 3578 1348 3624 senteu-

123 3662 198 3722 tiam,
217 3662 333 3713 eandem
352 3662 471 3729 simplici
491 3663 574 3714 verbo
593 3662 676 3730 sopita
685 3669 743 3713 sant
753 3661 797 3713 vel
806 3661 935 3729 quiescant
945 3675 999 3712 non
1011 3661 1102 3712 minus
1113 3665 1184 3712 recte
1194 3662 1348 3728 exprimere

124 3751 228 3816 potuit3
258 3766 321 3801 nam
348 3750 457 3817 sopitam
484 3766 535 3802 esse
560 3750 632 3801 idem
653 3750 726 3801 valet
746 3749 819 3817 qnod
839 3749 970 3817 quiescere.
1008 3749 1060 3800 Sed
1079 3749 1188 3802 duobus
1208 3751 1299 3801 verbis
1318 3753 1347 3800 in

123 3854 210 3888 unum
238 3840 316 3905 quasi
345 3840 465 3891 confusis
494 3841 607 3907 petitam
635 3838 775 3906 quandam
804 3839 955 3890 sentcntiae
974 3838 1056 3890 efficit
1074 3839 1248 3906 gravitatem,
1268 3840 1348 3907 quasi

122 3927 225 3979 dixerit
252 3928 302 3978 aito
329 3943 418 3994 sopore
435 3927 589 3995 quiescant.”
627 3927 669 3978 Ex
688 3926 739 3978 hac
759 3928 845 3994 igitur
864 3926 924 3979 loca
943 3943 1007 3978 cave
1028 3943 1061 3978 ue
1080 3928 1199 3979 conicias
1218 3932 1349 3996 tempore,

123 4032 178 4083 quo
197 4021 277 4084 poeta
296 4016 369 4066 hunc
389 4031 496 4067 versum
517 4016 664 4083 scripserit,
683 4015 821 4067 Romanos
840 4015 945 4066 bellum
965 4017 1089 4084 gessisse.
1115 4005 1166 4065 33.
1196 4025 1295 4084 reposta
1306 4019 1349 4069 i.e.

124 4107 250 4174 reposita.
288 4093 342 4154 34.
361 4122 414 4174 sqq.
453 4106 531 4168 Mars,
559 4106 607 4173 qui
636 4120 664 4157 se
691 4105 766 4156 reicit
794 4106 897 4156 cervice
925 4110 1030 4172 reposta
1048 4107 1191 4173 resupinus
1210 4107 1350 4168 recubans,

123 4200 197 4248 totus
225 4200 265 4246 est
293 4196 320 4246 in
351 4195 465 4246 Veneris
485 4198 626 4261 potestate.
663 4182 716 4242 35.
753 4192 944 4258 Quintilianus
963 4194 1067 4256 8,3,35:
1089 4195 1222 4250 acerricem
1242 4195 1351 4247 videtur

123 4284 285 4336 Hortensius
314 4285 418 4351 primus
445 4283 557 4344 dixisse,
576 4299 639 4334 nam
659 4287 764 4334 veteres
783 4281 928 4349 pluraliter
946 4282 1114 4351 appellant.”
1151 4273 1203 4334 38.
1240 4301 1350 4352 empore.

123 4372 255 4427 Ablativo
275 4373 327 4426 loci
345 4375 503 4441 saepissime
522 4372 586 4424 Luc.
606 4374 702 4424 utitur.
722 4370 849 4424 Ceterum
869 4387 971 4440 corpore
989 4372 1161 4442 iungendum
1182 4378 1268 4427 estet
1288 4390 1350 4426 eum

125 4463 279 4515 recubantem
298 4468 325 4514 et
344 4480 404 4513 cum
424 4462 518 4513 ciream
530 4461 607 4533 jirsa.
