3106 5034
215 506 321 578 quam
349 481 436 552 libet
460 479 496 552 in
524 488 677 576 partem,
705 482 854 553 trudunt
879 506 932 553 res
958 489 1037 553 ante
1063 491 1242 577 ruuntque

214 596 407 692 impetibus
433 595 580 680 crebris,
607 596 784 668 interdum
814 597 939 669 vertice
966 604 1055 668 torto

215 711 410 807 corripiunt
436 710 627 807 rapideque
653 713 780 783 rotanti
805 713 948 784 turbine
975 721 1130 808 portant.

116 847 168 898 295
214 810 322 924 quare
348 826 451 898 etiam
481 835 586 923 utque
612 827 716 899 etiam
743 837 825 900 sunt
851 829 945 900 venti
972 853 1115 925 corpora
1140 853 1260 910 caeca,

216 941 503 1039 quandoquidem
531 942 630 1014 factis
655 952 690 1014 et
716 944 873 1014 moribus
898 943 1036 1015 aemula
1062 943 1198 1040 magnis

217 1058 381 1130 amnibus
406 1058 653 1143 inveniuntur,
681 1067 799 1156 aperto
825 1083 967 1154 corpore
993 1058 1055 1155 qui
1082 1067 1182 1130 sunt.

216 1181 293 1245 tum
319 1198 421 1270 porro
447 1173 557 1245 varios
583 1198 696 1245 reruni
726 1174 895 1245 sentimus
921 1173 1060 1259 odores

217 1313 281 1359 neo
305 1296 423 1359 tamen
450 1287 493 1359 ad
521 1288 613 1360 naris
638 1289 808 1360 venientis
835 1291 1009 1362 cernimus
1035 1315 1226 1386 uniquam,

118 1423 171 1474 300
215 1428 285 1496 nec·
305 1401 435 1474 calidos
461 1410 575 1474 aestus
602 1405 755 1490 tuimur,
783 1431 846 1477 000
872 1406 999 1502 frigora
1026 1407 1169 1502 quimus

214 1544 385 1616 usurpare
411 1519 539 1604 000110,
566 1545 630 1592 000
656 1547 754 1593 00000
780 1546 918 1593 0000000
945 1546 1104 1610 suenrus3

216 1661 305 1732 quae
331 1643 448 1706 tamen
475 1636 593 1707 omnia
618 1662 782 1732 corporea
808 1645 963 1709 constare
989 1645 1157 1708 necessest

216 1759 370 1836 natura„
387 1751 555 1847 quoniam
581 1777 700 1823 sensus
726 1752 892 1848 inpellere
919 1760 1079 1848 possunt:

216 1873 357 1963 tangere
382 1867 477 1937 enirn
503 1875 538 1939 et
563 1867 678 1964 tangi,
706 1868 772 1939 nisi
800 1894 943 1965 corpus,
972 1868 1068 1939 00110
1095 1876 1205 1965 potest
1231 1892 1300 1939 res.

117 2002 170 2052 300
215 1981 369 2079 denique
395 1982 591 2079 fluctifrago
617 2008 802 2080 suspensae
829 1985 865 2054 in
892 1984 991 2056 litore
1017 1992 1125 2055 vestes
1422 2001 1447 2052 3.

215 2106 403 2182 uvescunt,
430 2099 571 2170 eaedem
599 2098 780 2196 dispansae
806 2101 843 2171 in
869 2091 939 2172 sole
964 2108 1156 2172 serescunt.

218 2221 253 2284 00
278 2238 391 2310 neque
418 2240 488 2310 quo
516 2224 615 2310 pacto
642 2215 832 2312 persederit
857 2242 959 2288 umor
984 2216 1088 2313 aquai

218 2329 381 2415 visumst,
409 2356 473 2402 000
500 2356 639 2402 rursum
667 2357 737 2428 quo
764 2343 864 2428 pacto
891 2332 1019 2428 fugerit
1045 2340 1159 2403 aestu.
1218 2345 1219 2348 ’

218 2445 254 2516 10
281 2470 402 2543 parvas
427 2447 535 2543 igitur
561 2447 668 2544 partis
695 2448 907 2544 dispergitur
932 2474 1051 2532 unior,

120 2579 173 2631 310
219 2586 305 2657 quas
330 2561 424 2632 oculi
451 2561 549 2634 nulla
575 2573 720 2659 possunt
745 2564 878 2635 ratione
904 2563 1038 2635 videre.

218 2676 305 2773 quin
332 2677 438 2749 etiarn
465 2678 586 2750 multis
612 2679 692 2751 solis
719 2680 948 2752 redeuntibus
973 2679 1074 2750 annis

219 2791 346 2863 anulus
372 2792 409 2862 in
437 2792 548 2889 digito
574 2795 694 2866 subter
719 2803 885 2868 tenuatur
912 2793 1091 2878 habendo,

219 2906 361 2979 stilicidi
389 2933 488 2980 casus
514 2909 667 3007 lapidem
696 2919 811 2996 cavat,
839 2936 951 2982 uncus
977 2909 1081 2981 aratri

217 3022 349 3095 ferreus
375 3025 510 3097 occulte
536 3027 704 3099 decrescit
730 3053 848 3099 vomer
873 3027 910 3098 in
937 3026 1044 3109 arrio,

120 3157 171 3208 315
216 3147 391 3235 strataque
416 3141 487 3212 iarn
514 3142 606 3239 volgi
633 3143 783 3240 pedibus
810 3143 936 3214 detrita
962 3142 1098 3213 viarum

217 3280 317 3326 saxea
344 3257 602 3353 conspicimus3
630 3266 718 3344 tum,
746 3267 861 3356 portas
888 3265 1046 3354 propter,
1074 3263 1159 3328 aliua

163 3485 238 3548 295·
285 3515 306 3550 e.
325 3515 350 3549 0.
369 3516 390 3551 0.
410 3501 453 3550 ie.
472 3500 573 3550 iterum
592 3499 664 3550 idem
685 3498 754 3550 dieo.
805 3485 881 3547 300·
920 3497 1099 3563 Antiquioros
1110 3497 1255 3562 scriptores
1265 3495 1347 3546 'ruter-

118 3587 185 3639 dum
204 3586 346 3639 declinant
360 3589 473 3639 verbum
485 3588 579 3639 tirendi
591 3580 740 3639 secundum
753 3589 860 3638 tertiam
872 3587 1104 3654 coniugationern.
1140 3572 1203 3633 301.
1223 3601 1346 3651 usurpare

118 3678 162 3729 i.e.
183 3678 328 3744 percipere.
375 3664 450 3727 306·
489 3678 588 3729 eaedem
608 3683 649 3728 est
667 3677 783 3728 duarum
804 3675 985 3743 syllabarum,
1007 3680 1037 3725 ut
1055 3673 1195 3725 interdum
1215 3673 1299 3724 eodem
1319 3677 1345 3724 00

118 3765 215 3828 eodem,
234 3760 340 3832 semper
359 3765 425 3817 idem
444 3766 538 3833 (plina)
557 3772 583 3817 et
603 3767 690 3817 isdem.
710 3797 743 3804 —
763 3766 869 3817 Nonius
880 3765 1084 3831 grammaticus,
1095 3765 1142 3830 qui
1155 3761 1345 3813 vixitsaeculo

118 3856 200 3906 tertio
230 3853 358 3922 p.Cl1r.n.‚
387 3855 438 3907 hoo
467 3871 547 3906 versu
575 3855 688 3907 laudato
717 3855 783 3906 haec
812 3854 895 3904 dicit:
923 3852 1043 3907 lSercscit
1062 3867 1110 3918 pro
1134 3853 1250 3912 siccatur,
1270 3850 1344 3918 quod

117 3944 250 3996 serenitas
279 3945 349 3994 sicca
377 3945 420 3995 sit.
447 3944 514 3996 Inde
535 3945 615 4012 Verg.
635 3945 712 3996 docto
732 3944 831 4011 Georg.
851 3944 865 3993 1
886 3942 960 4009 (461)
979 3942 1045 3992 0000
1063 3957 1163 3993 serenos
1183 3949 1266 3990 centus
1285 3947 1347 4006 opor

117 4031 219 4084 nubes.'’
248 4030 304 4084 Cir.
324 4031 423 4098 Georp.
443 4033 520 4094 3,197
541 4033 819 4100 aridodiffertnabr'lo.
866 4021 919 4080 311.
963 4032 1023 4082 solis
1041 4031 1125 4082 oanis.
1146 4031 1179 4080 11.
1199 4029 1344 4081 Terentius

117 4122 214 4184 Varro,
233 4121 407 4174 doctissimus
426 4121 475 4172 ille
495 4122 618 4188 aequalis
638 4120 785 4183 Ciceronis,
806 4120 901 4172 scribit
920 4120 953 4171 de
964 4120 1002 4172 l.l.
1014 4120 1072 4182 6,8:
1087 4127 1210 4186 itempus
1221 4135 1236 4170 a
1247 4120 1345 4170 bruma

117 4210 152 4262 ad
181 4211 317 4272 brumam,
346 4210 412 4262 dum
432 4211 473 4262 sol
493 4212 571 4272 rodit,
593 4217 705 4262 vocatur
724 4227 822 4271 00000,
842 4210 915 4276 quod
937 4215 967 4260 ut
987 4211 1064 4276 parvi
1084 4208 1180 4259 circuli
1200 4208 1287 4270 anuli,
1307 4211 1345 4259 010

119 4301 211 4367 magni
232 4299 395 4350 dicebantur
413 4301 519 4351 circites
538 4303 593 4361 aui,
614 4299 686 4350 unde
707 4300 822 4350 00000.”
871 4286 943 4348 3¹5.
981 4297 1345 4349 00010000000010000000

118 4389 185 4439 0100.
222 4387 324 4439 Eodem
344 4388 426 4440 modo
445 4389 509 4440 Luc.
529 4389 596 4442 dicit
614 4389 701 4440 clausa
720 4388 859 4452 domorum,
878 4404 937 4439 vera
955 4387 1018 4450 viui,
1034 4387 1345 4456 eaeruloooeli,roporam

116 4484 226 4530 extructa
245 4482 295 4530 000.
