3106 5034
509 934 547 1004 T.
584 932 833 1003 LUCRETI
868 931 1004 1001 enni

406 1129 495 1235 DE
537 1127 782 1235 RERUM
826 1124 1116 1233 ΝΑΤΟΗΑ

588 1369 719 1431 LIBER
743 1369 917 1430 PRIMUS.

655 1559 859 1567 ——-—--—-

220 1775 432 1891 Aeneadmn
446 1819 621 1914 genetriri,
638 1818 822 1893 hominum
837 1820 1025 1916 divomque
1039 1818 1217 1914 voluptaS‚
1243 1817 1327 1868 tocius
1344 1816 1474 1898 carminis

218 1935 310 2006 alma
335 1935 473 2019 Venus,
501 1934 586 2005 caeli
613 1935 732 2006 subter
758 1935 912 2007 labentia
937 1935 1035 2030 signa

219 2075 308 2145 quae
335 2074 429 2120 mare
455 2050 677 2145 navigerum,
705 2077 795 2146 quae
820 2059 927 2123 terras
953 2049 1188 2145 frugiferentis

221 2163 457 2248 concelebras
485 2173 605 2261 perte
632 2166 798 2260 quoniam
824 2192 934 2262 genus
960 2190 1063 2236 omne
1089 2164 1309 2235 animantum

165 2300 180 2348 5
223 2279 419 2375 concipitur
445 2280 595 2377 visitque
621 2289 778 2352 exortum
808 2281 944 2353 lumina
969 2280 1069 2352 solis:

219 2402 272 2478 te,
300 2394 382 2479 dea,
410 2403 444 2466 te
470 2394 612 2491 fugiunt
638 2396 731 2467 venti
778 2405 812 2468 te
838 2397 961 2468 nubila
988 2396 1074 2468 caeli

1268 1903 1447 1955 prooemium.

220 2509 480 2606 adventumque
507 2519 628 2596 tuum,
656 2511 721 2582 tibi
748 2512 862 2583 suavis
888 2512 1031 2584 daedala
1060 2512 1163 2583 tellus

220 2625 410 2697 summittit
436 2626 562 2710 fieren,
589 2627 655 2699 tibi
682 2628 798 2700 rident
824 2654 972 2724 aequora
1000 2628 1099 2724 ponti

193 2904 211 2962 l.
249 2913 380 2964 Aeneades
399 2919 464 2965 sunt
484 2914 608 2975 Romani,
628 2915 675 2981 qui
696 2930 783 2981 genus
799 2914 904 2966 ducunt
914 2931 930 2966 a
940 2915 1060 2967 Troiano
1070 2915 1172 2976 Aenea,
1184 2915 1297 2966 Veneris
1308 2914 1374 2966 lllic.

147 3003 230 3054 Poeta
260 3003 398 3054 Romanus
427 3003 558 3055 Romanis
577 3002 655 3054 deam
676 3003 861 3055 Romanorum
882 3006 973 3065 sacris,
990 3003 1086 3070 populi
1107 3005 1224 3071 originis
1243 3005 1375 3056 memoria

149 3097 345 3159 poetarumque
373 3092 542 3142 carminibus
570 3092 644 3142 canit
662 3096 855 3143 consecratam.
874 3122 910 3129 -
928 3092 1048 3144 Attende
1067 3092 1101 3143 ad
1121 3092 1259 3159 duplicem
1279 3092 1375 3160 grada-

147 3182 258 3232 tionem.
306 3167 416 3230 1-20.
454 3181 537 3232 Poeta
565 3180 616 3232 hoc
645 3179 728 3231 dicit:
759 3179 780 3231 Ο
810 3181 911 3243 Venus,
939 3197 1011 3248 quae
1039 3186 1086 3234 tuo
1106 3183 1220 3232 numine
1240 3181 1374 3232 mundum

146 3269 274 3336 comples,
303 3271 434 3337 quoniam
463 3285 509 3336 per
529 3274 554 3320 tc
573 3285 667 3322 omnes
687 3271 840 3321 animantes
860 3273 1071 3338 concipiuntur:
1092 3276 1167 3321 tuam
1187 3272 1242 3321 vim
1262 3271 1375 3337 fugiunt

147 3360 221 3409 venti
250 3364 351 3426 tuaque
380 3375 462 3425 opera
490 3375 605 3409 vernum
634 3363 741 3424 tempus
769 3360 865 3410 oritur.
903 3360 972 3410 Nam
992 3359 1107 3410 simulac
1127 3375 1174 3410 ver
1193 3375 1250 3410 esse
1275 3360 1377 3426 caepit,

147 3447 278 3497 animalia
298 3454 376 3498 tuum
395 3449 553 3515 significant
571 3446 719 3497 adventum
740 3446 877 3514 efficisque
889 3452 918 3498 ut
928 3463 1029 3514 genera
1041 3452 1200 3515 propagent.
1238 3435 1268 3496 2.
1294 3449 1375 3499 alenus

147 3533 248 3585 dicitnr
266 3535 299 3586 de
319 3537 361 3597 iis,
380 3537 429 3602 qui
449 3537 533 3587 vitam
553 3535 596 3586 vel
606 3596 608 3602 Ι
617 3537 816 3586 nutrimentum
827 3551 940 3602 quoquo
951 3537 1032 3588 mode
1044 3537 1175 3603 praebent
1185 3541 1233 3588 aut
1244 3541 1356 3588 tuentur
1366 3555 1373 3599 ;

149 3624 305 3687 praesertim
334 3625 420 3690 igitur
448 3624 481 3675 de
510 3625 614 3676 Venere
643 3629 670 3675 et
698 3622 803 3676 Cerere.
845 3614 877 3673 4.
915 3625 1070 3676 concelebras
1098 3627 1141 3676 ie.
1170 3641 1226 3677 uno
1255 3630 1375 3692 tempore

149 3715 314 3779 frequentas,
345 3729 482 3778 permeas3
511 3719 559 3765 tue
588 3714 700 3764 numine
721 3713 848 3779 comples.
868 3711 916 3764 cn
936 3713 960 3774 2,
979 3713 1093 3765 344-6.
1131 3703 1162 3762 5.
1191 3714 1375 3765 [centunculis.

149 3791 204 3844 cfr.
225 3783 308 3865 φάος
332 3779 464 3871 ἠελίοιο.
511 3791 540 3850 7.
579 3802 683 3863 Festus,
712 3803 759 3868 qui
789 3802 878 3853 Verrii
908 3800 1006 3864 Flacci,
1026 3802 1146 3870 Augusti
1167 3803 1223 3853 fere
1243 3803 1375 3869 aequalis,

148 3907 217 3958 epus
245 3890 278 3941 de
306 3891 452 3942 verberum
482 3891 639 3958 significatu
668 3892 812 3957 excerpsit,
832 3891 899 3942 dicit
926 3891 1079 3944 adcedalcm
1098 3907 1113 3942 a
1133 3892 1266 3942 varietate.
1285 3907 1374 3942 rerum

148 3981 382 4046 artillciorumque
402 3979 502 4030 dictam
523 3995 579 4031 esse
599 3979 673 4046 apud
693 3979 850 4031 Lucretium
870 3984 978 4041 terram,
998 3979 1070 4047 apud
1083 3980 1203 4030 Ennium
1216 3981 1375 4043 Minervam,

148 4078 221 4145 apud
242 4077 396 4145 Vergilium
417 4076 522 4139 Circen,
542 4077 622 4129 facilc
642 4083 682 4128 est
701 4077 870 4145 intellegere,
890 4094 951 4129 curn
972 4078 1073 4130 Graece
1092 4069 1277 4135 δαιδάλλειν
1292 4081 1376 4147 signi·

149 4179 210 4228 licet
239 4176 372 4229 va1·ia1·e.'’
392 4177 439 4228 l1.l.
458 4179 565 4244 igitur:
585 4193 656 4243 quae
676 4179 752 4228 varia
771 4179 854 4228 variis
874 4182 947 4229 creat
966 4177 1080 4228 artibus.
1118 4165 1148 4226 8.
1186 4178 1268 4229 ridere
1286 4178 1330 4229 hic
1349 4183 1376 4230 et

149 4278 244 4339 2,559;
270 4278 365 4338 5‚1005
394 4277 495 4328 dicitur
524 4277 557 4328 de
585 4276 668 4328 undis
696 4277 866 4338 nitentibus3
893 4277 990 4328 Aesch.
1010 4277 1099 4328 Prom.
1119 4277 1153 4328 89
1172 4268 1318 4331 ποντίων
1341 4290 1376 4330 τε

148 4357 299 4438 κυμάτων
331 4350 518 4446 ἀνήριθμον
550 4357 693 4438 γέλασμα
720 4372 747 4418 et
775 4365 865 4418 Catul.
894 4366 937 4430 64,
967 4367 1018 4419 275
1045 4377 1164 4420 resonant
1187 4368 1239 4420 leni
1252 4368 1376 4436 planpcre

150 4463 267 4515 cachinni
284 4465 317 4516 de
337 4481 431 4516 earum
451 4465 507 4516 leni
526 4481 675 4517 murmure.
