3106 5034
339 465 562 554 quaerentem
590 457 692 528 dictis
718 457 848 554 quibus
874 465 908 530 et
933 482 1004 553 quo
1030 455 1183 528 carmine
1209 454 1351 525 demum

338 572 430 645 clara
455 581 535 645 tuae
561 573 687 670 possim
716 574 952 671 praepandere
978 571 1115 644 lumina
1142 570 1250 642 menti

240 706 292 758 145
337 715 390 761 res
416 690 546 785 quibus
571 689 723 762 occultas
749 690 889 787 penitus
915 688 1089 760 convisere
1115 684 1240 782 possis

339 805 446 876 Hunc
468 806 577 902 igitur
598 813 763 878 terrorem
785 806 894 877 animi
916 805 1145 900 tenebrasque
1168 812 1335 874 necessest
1429 819 1544 872 nuent

339 945 408 991 non
435 920 524 992 radii
550 919 630 992 solis
655 947 769 1017 neque
795 920 913 993 lucida
939 919 1007 991 tela
1034 919 1104 990 diei

339 1034 546 1120 discutiant,
574 1036 633 1107 sed
660 1044 804 1108 naturae
829 1035 959 1133 species
985 1035 1160 1131 ratioque.

338 1149 552 1248 principium
581 1151 681 1223 cuius
707 1151 789 1223 hinc
816 1151 916 1222 nobis
941 1149 1080 1223 exordia
1106 1154 1238 1233 sumet,

338 1265 471 1337 nullam
499 1292 571 1339 rem
599 1293 617 1339 e
644 1267 716 1338 nilo
740 1267 838 1363 gigni
864 1266 1034 1338 divinitus
1059 1290 1249 1361 umquam.

338 1381 470 1479 quippe
496 1382 545 1453 ita
569 1381 719 1453 formido
746 1382 901 1453 mortalis
926 1382 1081 1453 continet
1106 1381 1238 1465 omnis,

337 1496 433 1592 quod
460 1496 571 1569 multa
596 1498 632 1568 in
660 1498 759 1569 terris
784 1498 858 1569 fieri
885 1497 1050 1594 caeloque
1075 1504 1238 1581 tuentur,

338 1638 489 1708 quorum
515 1639 660 1711 operum
688 1640 806 1686 causas
832 1614 930 1686 nulla
956 1613 1088 1685 ratione
1114 1612 1231 1683 videre

337 1737 482 1825 possunt
507 1756 546 1801 ac
572 1730 647 1802 fieri
674 1730 794 1801 divino
821 1730 967 1801 numine
993 1738 1131 1800 rentur.

337 1870 423 1941 quas
448 1845 493 1916 ob
519 1870 572 1917 res
597 1845 660 1917 ubi
686 1846 877 1918 viderimus
903 1845 954 1916 nil
979 1870 1076 1942 posse
1103 1844 1210 1916 creari

337 1960 380 2032 de
406 1961 496 2046 nilo,
524 1970 600 2033 tum
627 1962 722 2058 quod
749 1962 930 2058 sequimur
955 1960 1026 2031 iam
1051 1959 1179 2031 rectius
1204 1958 1287 2030 inde

336 2076 603 2172 perspiciemus:
631 2086 665 2149 et
690 2078 785 2149 unde
811 2085 916 2173 queat
941 2102 994 2148 res
1020 2101 1180 2173 quaeque
1206 2073 1312 2147 creari

237 2210 289 2261 155
334 2201 368 2264 et
394 2217 464 2288 quo
490 2218 650 2291 quaeque
676 2194 780 2265 modo
807 2196 892 2265 fiant
917 2218 1021 2289 opera
1047 2193 1121 2264 sine
1147 2191 1284 2263 divom.

237 2326 289 2378 159
383 2308 474 2380 Nam
501 2308 529 2380 si
555 2309 599 2381 de
625 2310 697 2381 nilo
723 2312 863 2395 fierent,
890 2335 931 2381 ex
957 2307 1115 2380 omnibu’
1143 2308 1246 2379 rebus
1470 2343 1534 2396 arg.

335 2449 439 2495 omne
463 2448 573 2520 genus
600 2425 693 2496 nasci
720 2433 843 2523 posset,
871 2423 921 2496 nil
947 2423 1079 2495 semine
1105 2429 1236 2518 egeret.

336 2565 355 2611 e
382 2564 476 2611 mare
501 2540 657 2637 primum
684 2541 861 2626 homines,
889 2566 908 2612 e
933 2549 1024 2612 terra
1049 2546 1161 2635 posset
1188 2537 1270 2609 oriri

336 2655 597 2753 squamigerum
623 2683 733 2754 genus
758 2667 792 2729 et
817 2656 974 2728 volucres
999 2679 1183 2752 erumpere
1209 2652 1303 2724 caelo
1316 2686 1323 2736 ;

336 2780 492 2844 armenta
518 2780 623 2870 atque
649 2773 737 2846 aliae
763 2773 932 2872 pecudeS,
958 2795 1070 2869 genus
1096 2795 1199 2867 omne
1225 2769 1396 2853 ferarum,

336 2889 468 2960 incerto
494 2897 596 2989 partu
623 2889 718 2961 culta
743 2916 782 2962 ac
809 2890 942 2962 deserta
968 2894 1144 2972 tenerent3

283 3138 348 3198 146.
387 3149 424 3201 Η.
443 3157 459 3200 t.
478 3166 503 3200 a.
523 3156 539 3199 t.
559 3149 601 3199 i.e.
620 3148 694 3199 hunc
713 3153 843 3201 terrorem
860 3149 944 3198 animi
956 3148 1076 3199 tenebris
1089 3143 1324 3216 [isignorantia]
1339 3146 1467 3198 effectum

241 3239 288 3323 [ἓν
312 3236 366 3304 διὰ
388 3238 492 3322 δυοῖν]
497 3287 505 3315 ,
525 3262 560 3297 sc.
580 3247 707 3298 Memmio
718 3248 849 3298 iniectum
860 3246 929 3298 falsa
939 3246 973 3297 dc
983 3245 1025 3297 dis
1035 3247 1165 3312 opinione
1176 3245 1220 3312 (52
1231 3244 1309 3311 sqq),
1321 3247 1466 3310 poetarum

239 3345 272 3396 dc
294 3346 388 3411 poenis
407 3345 436 3394 in
456 3348 542 3395 morte
561 3346 679 3396 aeternis
699 3345 857 3412 terriloquis
876 3345 956 3396 dictis
975 3345 1037 3413 (102
1057 3345 1136 3411 sqq),
1148 3344 1468 3409 mortuorumquesimu-

238 3433 320 3484 locris
338 3432 400 3500 (132
420 3432 499 3500 sqq).
536 3431 630 3485 Cicero
650 3433 683 3485 de
703 3435 748 3485 tin.
768 3434 793 3496 1,
804 3435 839 3485 64
856 3434 1020 3502 Epicureum
1031 3435 1202 3501 Torquatum
1213 3418 1467 3483 inducitdicentem

241 3521 321 3573 haec:
343 3521 402 3576 iSic
421 3537 435 3573 e
455 3521 575 3589 physicis
594 3527 621 3574 et
640 3523 773 3576 fortitudo
792 3525 910 3575 sumitur
930 3531 1024 3576 contra
1042 3523 1128 3574 mortis
1147 3523 1259 3573 timorem
1275 3526 1302 3572 et
1312 3523 1467 3573 constantia

239 3615 333 3663 contra
351 3618 441 3662 metam
459 3610 589 3679 scipionis
608 3616 634 3662 et
653 3612 757 3664 sedatio
776 3614 862 3663 animi
882 3614 1006 3664 omnium
1026 3629 1116 3664 rerum
1128 3611 1297 3663 occultarum
1308 3609 1467 3676 ipooraaooc

237 3700 362 3752 sublatas*
400 3689 466 3750 148.
504 3700 625 3752 Naturae
645 3703 761 3769 speciem
782 3703 971 3769 rationemque
991 3702 1181 3770 cognoscimus
1201 3706 1327 3751 naturam
1348 3702 1467 3750 contem-

242 3799 344 3866 plando
363 3804 390 3850 et
409 3799 588 3866 explorando.
625 3800 746 3852 Naturae
765 3782 899 3853 rationem
919 3802 1053 3869 Epicurus
1069 3801 1136 3853 dicit
1149 3790 1371 3874 φυσιολογίαν.
1410 3796 1467 3850 Csr.

240 3897 333 3949 Manil.
352 3897 378 3959 1,
397 3899 431 3948 35
450 3906 473 3948 et
490 3898 633 3961 commanda
652 3898 715 3950 Noa
732 3899 826 3968 species
845 3909 940 3952 tantam
954 3901 999 3952 sed
1015 3901 1104 3969 etipsa
1114 3899 1328 3967 potenticrcmm.
1365 3899 1467 3964 species

240 3990 281 4037 est
309 3986 517 4054 contemplati03
556 3986 611 4039 Cfr.
640 3986 695 4039 Cic.
723 3988 791 4040 N.D.
820 3990 844 4051 2,
873 3990 925 4041 155
945 3991 1015 4041 oolla
1038 3998 1073 4041 cst
1090 3989 1157 4040 caira
1176 3987 1347 4039 insatiabilior
1364 3987 1466 4054 species.

241 4062 306 4124 149.
349 4075 420 4126 cuias
451 4075 533 4145 [quae
562 4093 616 4129 vox
645 4079 672 4128 h.
700 4077 718 4129 l.
751 4083 791 4129 est
818 4077 1022 4148 monosyllaba]
1054 4078 1226 4130 referendum
1255 4083 1296 4128 est
1326 4075 1359 4127 ad
1391 4076 1466 4126 ratic.

242 4149 305 4211 157.
343 4164 410 4231 qaod
436 4165 563 4232 seqriimar
589 4166 632 4218 ie.
660 4166 734 4233 quod
754 4169 912 4235 quaerimus
934 4169 992 4236 (cfr.
1012 4167 1037 4228 6,
1056 4167 1119 4235 808)
1138 4165 1182 4219 ie.
1206 4157 1244 4221 τὸ
1269 4156 1466 4246 ζητούμενον

243 4260 354 4331 [Epic]
393 4251 455 4312 159.
493 4264 568 4331 Epic.
588 4264 621 4315 ad
641 4265 704 4316 Her.
724 4266 775 4316 38:
795 4251 889 4323 οὐδὲν
913 4259 1034 4340 γίνεται
1057 4258 1091 4321 ἐκ
1114 4259 1174 4321 τοῦ
1196 4255 1241 4346 μὴ
1255 4253 1358 4329 ὄντος·
1395 4256 1466 4321 πᾶν

240 4359 298 4446 γὰρ
333 4359 367 4423 ἐκ
401 4361 525 4434 παντὸς
559 4355 669 4444 ἐγίνετ’
705 4357 745 4430 ἄν
781 4365 977 4451 σπερμάτων
1013 4387 1046 4446 γε
1080 4357 1183 4429 cita·
1208 4364 1464 4452 προσδεόμενον.

241 4455 293 4515 161.
331 4467 405 4520 Sexti
427 4484 504 4520 casus
524 4472 611 4522 forma
630 4487 699 4522 marc
719 4473 801 4522 etiarn
822 4472 937 4523 Plautus
956 4477 983 4523 et
1002 4471 1117 4524 Ovidius
1137 4475 1180 4524 usi
1199 4479 1272 4524 sunt.
