3106 5034
225 492 282 564 cui
308 478 413 564 simul
440 491 553 564 infula
579 491 751 588 virgineos
777 489 910 562 circum
937 489 1018 562 data
1044 498 1205 586 comptus

224 633 265 679 ex
291 615 440 704 utraque
466 608 542 705 pari
569 607 741 679 malarum
768 615 867 703 parte
893 605 1083 703 profusast,

225 731 259 795 et
285 733 456 795 maestum
483 722 589 795 simul
616 731 695 794 ante
721 748 795 794 aras
822 721 957 794 adstare
984 730 1162 819 parentem

228 839 352 924 sensit,
379 847 414 910 et
440 839 534 911 hunc
561 846 701 935 propter
727 838 858 910 ferrum
885 837 995 910 celare
1022 837 1217 922 ministros,

228 966 441 1051 aspectuque
467 979 530 1025 suo
556 952 716 1025 lacrimas
741 953 921 1025 effundere
948 953 1049 1038 civis,

228 1075 325 1140 muta
351 1076 447 1140 metu
473 1076 599 1140 terram
626 1069 774 1164 genibus
800 1070 983 1141 summissa
1009 1069 1159 1166 petebat.

229 1209 292 1255 nec
319 1183 463 1255 miserae
489 1183 650 1280 prodesse
675 1183 712 1254 in
740 1184 801 1254 tali
827 1191 983 1281 tempore
1009 1184 1134 1281 quibat

227 1298 321 1394 qnod
348 1298 459 1394 patrio
485 1298 647 1394 princeps
673 1298 818 1370 donarat
845 1299 987 1371 nomine
1013 1324 1149 1395 regem:

225 1440 305 1486 nam
332 1414 468 1486 sublata
494 1414 607 1485 virum
636 1414 799 1485 manibus
824 1414 1120 1511 tremibundaque
1146 1414 1190 1486 ad
1216 1440 1290 1486 aras

226 1530 426 1614 deductast,
454 1555 523 1600 non
552 1537 590 1601 ut
615 1529 775 1601 sollemni
802 1555 897 1602 more
923 1555 1098 1602 sacrorum

226 1645 378 1741 perlecto
404 1652 517 1741 posset
543 1644 634 1716 claro
661 1645 819 1716 comitari
847 1645 1071 1742 Hymenaee,
1137 1725 1138 1728 Ἴ

227 1760 286 1832 sed
313 1769 404 1832 casta
430 1760 577 1844 inceste,
605 1760 764 1832 nubendi
790 1769 947 1858 tempore
974 1762 1010 1832 in
1037 1761 1131 1858 ipsc,

225 1875 335 1947 hostia
361 1875 558 1947 concideret
584 1884 737 1948 mactatu
765 1884 893 1948 maesta
918 1878 1090 1973 parentis,

128 2009 180 2060 100
224 1990 337 2062 exitus
362 1999 402 2062 ut
428 1990 526 2062 classi
553 1989 635 2062 felix
661 1992 867 2088 faustusque
894 1992 1052 2064 daretur.

225 2113 364 2178 tantum
391 2105 513 2202 religio
539 2106 655 2203 potuit
680 2107 825 2179 suadere
852 2108 1045 2180 malorum.

130 2331 332 2338 ——-=

171 2509 224 2570 87.
264 2519 372 2587 ‘slafala
392 2520 476 2571 fascia
496 2518 599 2590 [lanea]
620 2522 649 2571 in
669 2521 780 2574 modum
800 2521 971 2584 diadematis,
991 2538 1008 2573 a
1026 2537 1082 2588 qua
1096 2523 1180 2572 vittae
1191 2521 1226 2572 ab
1237 2526 1355 2588 utraque

129 2614 204 2677 parte
232 2607 404 2676 dependent;
433 2624 504 2675 quae
532 2608 695 2676 plerumque
724 2610 780 2662 lata
808 2615 856 2673 est,
877 2611 1040 2679 plerumque
1060 2610 1170 2673 tortilis,
1189 2609 1223 2662 de
1243 2609 1307 2662 albo
1327 2613 1354 2661 et

129 2696 233 2750 cocco.’'
263 2695 362 2767 [Sera]
394 2697 449 2751 rEa
476 2697 628 2750 sacerdotes
648 2703 674 2750 et
693 2698 798 2751 hostiae
818 2699 975 2766 templaque
994 2697 1176 2751 velabantnr''
1197 2695 1302 2768 [Fest.].
1321 2729 1355 2735 -

129 2786 253 2853 cirpioeos
280 2793 399 2852 comptas.
436 2785 561 2837 Nabeodr'
586 2794 693 2855 tempore
712 2787 739 2837 io
758 2787 813 2854 ipso
834 2785 872 2857 [v.
892 2785 938 2858 98]
959 2789 1058 2839 amicta
1077 2791 1135 2839 erat
1154 2786 1280 2838 flammeo
1301 2784 1356 2855 [ie.

130 2874 315 2926 velamentum
344 2874 471 2926 flammeo
500 2872 601 2944 colore]
631 2880 658 2927 et
685 2880 782 2928 ornata
801 2892 849 2927 sex
869 2877 992 2927 crinibus
1013 2874 1068 2946 [ie.
1088 2893 1121 2927 ex
1142 2881 1259 2941 utraque
1279 2878 1356 2941 parte

130 2965 227 3030 capitis
256 2968 309 3015 tres
338 2964 426 3015 crines
454 2961 667 3034 dependebant}
704 2953 758 3014 88.
796 2981 831 3015 ex
859 2970 976 3032 utraque
1004 2964 1078 3015 mala
1107 2964 1231 3031 partibus
1250 2962 1356 3014 infulae

130 3053 251 3119 paribus.
289 3040 343 3101 90.
379 3061 481 3120 propter
501 3050 555 3122 [ie.
575 3051 669 3123 prope]
690 3054 763 3104 tunc.
792 3041 844 3102 92.
875 3054 980 3120 penitus
989 3053 1124 3105 romanisca
1134 3069 1170 3104 sc.
1181 3051 1356 3119 supplicandi

130 3157 219 3193 causa.
248 3140 303 3193 Csr.
331 3141 405 3193 Suet.
433 3142 495 3204 aab
522 3158 594 3208 seque
613 3179 619 3192 .
640 3180 645 3192 .
666 3180 672 3192 .
696 3142 771 3210 patri
797 3141 833 3192 cd
857 3158 942 3208 penca
959 3142 1103 3207 euremari,-
1127 3141 1243 3194 Ovidius
1263 3141 1355 3206 [Pont.

130 3229 247 3296 3,1,149]
277 3235 357 3298 rogat
385 3247 499 3282 uxorem
529 3235 559 3282 ut
587 3233 667 3283 uxori
698 3233 809 3299 pricipis
839 3230 993 3298 supplicate
1012 3232 1122 3282 veniam
1141 3232 1194 3282 sibi
1214 3231 1355 3281 inveniat:

128 3319 310 3387 summissoque
337 3319 404 3371 terrei
428 3319 473 3370 Ad
490 3336 540 3370 noo
559 3320 672 3372 mortalis
690 3320 808 3371 bracchia
827 3319 897 3371 tende
911 3319 997 3386 pedes.
1035 3308 1089 3369 94.
1127 3320 1192 3371 Eur.
1211 3319 1272 3387 Iph.
1292 3318 1356 3370 Aul.

129 3418 198 3469 1222
226 3409 339 3496 πρώτη
363 3400 391 3472 σ’
418 3408 555 3473 ἐκάλεσα
586 3413 712 3494 πατέρα
736 3405 789 3472 καὶ
814 3405 854 3474 σύ
877 3401 972 3472 παῖδ’
997 3407 1062 3489 ἐμέ.
1109 3414 1161 3476 95.
1199 3418 1357 3469 aeraiboodo

131 3532 180 3582 pro
208 3515 317 3584 vulgari
346 3517 434 3568 forma
457 3515 618 3567 treorebundc
637 3517 768 3583 scriptum
788 3516 891 3584 legitur
905 3517 988 3567 etiam
1008 3516 1089 3583 Verg.
1128 3515 1196 3568 Aen.
1215 3516 1311 3578 10,522
1331 3521 1358 3567 et

132 3604 205 3671 apud
232 3604 350 3656 Lucretii
375 3606 542 3656 imitatorem
561 3603 726 3656 Arnobium.
745 3634 779 3643 -
798 3605 830 3654 ln
850 3606 893 3667 iis,
912 3620 983 3671 quae
1003 3605 1177 3672 praecedunt,
1196 3605 1358 3672 Iphigeniae

132 3691 231 3744 afflicta
250 3695 361 3744 fortuna
379 3695 529 3761 opponitur
548 3692 675 3744 felicibus
695 3694 864 3760 temporibus
885 3695 1037 3760 praeteritis
1048 3712 1055 3756 ;
1065 3696 1094 3744 in
1105 3696 1148 3756 iis,
1158 3710 1229 3760 quae
1239 3710 1357 3761 sequun-

132 3785 185 3841 tur,
205 3780 340 3842 felicitati,
359 3797 441 3848 quam
462 3783 564 3834 instare
575 3782 711 3849 sperabat.
740 3770 791 3831 96.
812 3758 901 3833 Etidm
919 3798 1006 3834 novae
1016 3787 1119 3850 nuptae
1129 3782 1221 3834 deduci
1229 3782 1359 3834 dicuntur

131 3867 244 3920 domum
263 3871 363 3920 mariti.
401 3868 456 3922 Cir.
475 3870 577 3938 Apulei
597 3871 704 3923 Metam.
723 3871 784 3934 4,26
806 3872 899 3927 rTunc
918 3888 961 3923 me
981 3873 1085 3940 gremio
1101 3870 1358 3924 suomaterinfelix

132 3958 252 4011 tolerans
272 3958 376 4011 mnodo
395 3960 512 4027 nuptiali
531 3960 658 4013 decenter
677 3962 794 4014 ornabat
814 4000 819 4013 .
840 4000 846 4012 .
866 3999 872 4011 .
893 3977 954 4011 cum
966 3962 1127 4029 irruptionis
1137 3961 1244 4012 subitae
1255 3959 1359 4027 gladia·

132 4052 221 4099 torum
243 4049 361 4115 impetus
380 4047 414 4099 ad
435 4048 502 4104 belli
521 4050 617 4101 faciem
638 4052 770 4112 saeviens,
781 4050 863 4101 nudis
873 4055 900 4101 et
910 4051 1017 4101 infestis
1028 4050 1205 4103 mucronibus
1215 4064 1360 4102 coruscans

131 4153 187 4188 non
215 4136 300 4199 caedi,
330 4153 384 4189 non
414 4139 526 4205 rapinae
554 4154 652 4189 manus
680 4140 806 4199 afferunt,
835 4138 880 4189 sed
910 4138 995 4191 denso
1024 4138 1244 4206 conglobatoque
1273 4152 1360 4189 cuneo

132 4226 292 4278 cubiculum
325 4232 449 4279 nostrum
478 4228 615 4279 invadunt
644 4230 777 4295 protinus
815 4227 871 4278 Nec
901 4226 958 4279 ullo
986 4226 1019 4278 de
1048 4226 1233 4279 familiaribus
1260 4226 1361 4278 nostris

133 4320 304 4382 repugnante
333 4332 364 4367 ac
392 4333 426 4367 ne
456 4316 596 4367 tantillum
627 4316 738 4383 quidem
767 4318 909 4367 resistente
938 4332 976 4366 me
994 4316 1112 4368 miseram
1130 4315 1270 4367 exanimem
1287 4330 1360 4366 saeco

129 4418 224 4469 pavore
242 4403 367 4470 trepidam
385 4404 415 4455 de
434 4403 515 4456 medic
534 4405 622 4456 matris
638 4404 734 4472 premio
753 4406 885 4471 rapuere.'¹
920 4393 971 4456 97.
991 4405 1109 4458 comitare
1119 4405 1206 4456 active
1218 4404 1362 4474 usurpavit

133 4491 215 4542 etiam
235 4491 358 4543 Ovidius.
378 4523 412 4549 ,-
431 4493 491 4543 c.H.
511 4509 547 4544 sc.
569 4498 598 4544 ut
618 4494 734 4545 nuberet
753 4493 866 4546 Achilli.
