3106 5034
122 515 172 569 res
218 523 281 570 nec
307 484 441 569 fructus
467 481 562 567 idem
588 479 771 567 arboribus
797 498 952 564 constare
977 472 1144 576 solerent,

217 614 277 686 sed
304 620 542 696 mutarentur,
570 610 658 682 ferre
684 634 804 681 ornnes
830 607 947 680 omnia
974 619 1130 705 possent.

219 729 370 826 quippe,
398 729 461 800 ubi
488 752 557 798 non
585 733 697 798 essent
722 724 888 821 genitalia
914 749 1056 820 corpora
1083 724 1229 820 cuique,

219 846 282 941 qui
308 853 422 942 posset
448 851 558 915 mater
584 842 687 913 rebus
713 840 897 912 consistere
923 839 1039 910 certa?

220 970 255 1032 at
281 985 376 1031 nunc
402 958 595 1030 seminibus
621 957 705 1054 quia
731 954 832 1027 certis
858 978 1018 1051 quaeque
1044 963 1223 1042 creantur,

221 1076 304 1147 inde
330 1074 503 1146 enascitur
529 1081 634 1169 atque
659 1097 734 1144 oras
760 1071 796 1141 in
824 1070 968 1141 luminis
994 1071 1082 1156 exit,

221 1191 381 1262 materies
407 1189 470 1261 ubi
496 1189 585 1260 inest
611 1187 781 1283 cuiusque
807 1196 842 1258 et
867 1211 1010 1284 corpora
1036 1187 1168 1283 prima;

222 1316 326 1402 atque
353 1305 416 1377 hac
443 1330 479 1376 re
506 1310 687 1400 nequeunt
712 1328 753 1374 ex
779 1301 944 1373 omnihus
969 1303 1088 1374 omnia
1112 1303 1236 1400 gigni,

221 1420 317 1518 qnod
344 1421 445 1492 certis
471 1420 508 1490 in
535 1419 639 1491 rebus
664 1419 754 1491 inest
779 1425 909 1490 secreta
934 1418 1098 1490 facultas

220 1547 397 1633 praeterea
422 1561 485 1608 our
510 1560 588 1607 vere
613 1560 744 1619 rosam,
772 1533 948 1605 frumenta
974 1533 1104 1619 calore,

220 1653 305 1724 vites
331 1660 501 1724 autumno
527 1650 629 1722 fundi
655 1650 822 1722 suadente
848 1648 1025 1734 videmus,

222 1767 250 1838 si
276 1792 365 1851 non,
393 1775 486 1838 certa
510 1791 572 1837 suo
599 1766 683 1862 quia
708 1773 864 1861 tempore
890 1764 1023 1837 semina
1048 1790 1165 1838 rerum

221 1906 301 1952 cum
329 1882 591 1966 confluxerunt,
619 1882 740 1979 patefit
766 1880 861 1977 qnod
888 1905 1040 1977 eumque
1067 1891 1221 1967 creatur,

221 1996 305 2068 dum
336 2004 556 2092 tempestates
582 1997 710 2068 adsunt
735 2005 769 2068 et
794 1996 910 2068 vivida
939 1996 1040 2068 tellus

221 2119 298 2183 tuto
325 2137 377 2183 res
403 2118 537 2183 teneras
562 2111 661 2184 effert
685 2111 722 2182 in
749 2111 895 2182 luminis
921 2113 1019 2184 oras?

190 2269 192 2274 ‚
222 2228 317 2325 quod
343 2228 371 2299 si
398 2228 441 2299 de
467 2227 540 2299 nilo
566 2228 706 2313 fierent,
733 2227 849 2299 subito
875 2237 1097 2300 exorerentur

222 2345 353 2416 incerto
379 2344 492 2440 spatio
518 2352 623 2440 atque
649 2344 771 2416 alienis
796 2344 955 2441 partibus
980 2345 1063 2416 anni
1075 2377 1082 2429 ;

222 2460 354 2557 quippe
380 2459 443 2531 ubi
469 2459 567 2531 nulla
592 2459 705 2533 forent
730 2459 940 2556 primordia,
968 2486 1058 2557 quae
1083 2463 1226 2559 genitali

221 2575 370 2647 concilio
396 2583 535 2672 possent
560 2576 668 2647 arceri
694 2583 850 2673 tempore
876 2575 1017 2672 iniqua.

223 2717 285 2763 nee
312 2716 414 2787 porro
440 2691 609 2787 augendis
634 2693 739 2764 rebus
764 2692 875 2789 spatio
901 2691 988 2764 foret
1014 2719 1115 2778 usus,

125 2826 176 2877 185
221 2808 363 2879 seminis
388 2808 432 2880 ad
459 2808 610 2893 coitum,
638 2809 666 2880 si
692 2833 711 2880 e
737 2807 810 2879 nilo
836 2832 986 2880 erescere
1013 2817 1169 2905 possent3

169 3023 232 3084 165.
272 3032 391 3085 Constare
417 3034 460 3085 1.6.
486 3035 641 3084 constanter
660 3047 778 3093 manere,
799 3046 852 3082 non
874 3033 983 3082 mutari.
1021 3029 1077 3084 err.
1096 3032 1154 3084 Liv.
1174 3034 1216 3096 39,
1236 3034 1271 3085 34
1289 3035 1353 3086 adeo

121 3121 277 3191 perturbavit
303 3137 333 3174 ea
350 3138 398 3172 voa
412 3138 506 3189 169616,
525 3129 552 3171 ut
570 3137 620 3171 non
638 3121 714 3183 colar,
734 3136 784 3170 non
802 3120 882 3170 vultus
900 3119 926 3170 ei
937 3127 1067 3171 constaret.
1106 3110 1168 3172 169.
1207 3123 1277 3175 Voce
1288 3139 1354 3174 nanc

124 3227 204 3279 saepe
223 3216 341 3262 utuntur
360 3210 423 3261 Luc.
443 3207 499 3261 Cia.
518 3209 585 3272 Liv„
605 3225 666 3260 eum
687 3213 830 3260 transeunt
848 3209 883 3260 ab
903 3224 944 3271 6ο,
963 3209 1038 3276 quod
1057 3210 1167 3273 falsum,
1187 3212 1220 3263 ad
1240 3211 1269 3263 id
1279 3211 1354 3280 quod

124 3316 218 3351 verum
239 3301 273 3350 iis
293 3298 410 3350 videtur.
449 3286 502 3348 170
522 3314 562 3366 sq.
600 3300 642 3349 16.
661 3297 785 3365 quidque
804 3298 942 3349 enascitur
954 3297 1018 3349 inde
1030 3336 1036 3350 .
1048 3337 1054 3350 .
1065 3337 1071 3349 .
1083 3337 1099 3360 .,
1110 3300 1157 3350 ubi
1169 3301 1228 3351 eius
1239 3288 1354 3353 materia

125 3391 204 3442 inest.
243 3376 295 3439 l7l·
333 3389 458 3452 materies,
486 3404 593 3456 corpora
622 3387 718 3456 prima.
756 3387 788 3439 V.
807 3387 842 3438 ad
861 3404 886 3439 1.
906 3387 949 3438 61.
988 3388 1050 3440 Vox
1068 3389 1184 3440 1611166161
1202 3388 1354 3441 derivanda

126 3479 278 3537 videtur,a
307 3494 372 3531 voce
391 3486 471 3529 mater
493 3477 643 3546 (616168).
680 3477 814 3538 Truncus,
835 3476 907 3528 unde
927 3481 1065 3528 sarmenta
1086 3477 1229 3545 prodeunt,
1249 3478 1352 3531 dicitur

126 3568 240 3619 1116166166
258 3565 325 3635 (Cia.
349 3566 394 3618 Or.
414 3567 439 3629 2,
459 3567 512 3634 21),
532 3575 611 3618 rnater
628 3566 721 3634 (Verg.
741 3564 840 3634 Georg.
860 3566 885 3628 2,
905 3566 939 3617 23
950 3585 957 3628 ;
977 3565 1084 3618 Colum.
1104 3568 1129 3630 3,
1150 3567 1201 3630 173
1220 3567 1292 3620 Plin.
1312 3567 1355 3629 12,

129 3668 153 3728 5,
181 3666 225 3733 11)
253 3667 347 3718 matria
373 3665 457 3734 (Suet.
486 3664 558 3733 Aug.
587 3665 649 3732 94);
677 3656 804 3745 μήτραν
823 3665 1030 3733 Theophrastus
1049 3666 1084 3717 H.
1103 3666 1144 3718 Pl.
1164 3669 1189 3728 5,
1208 3668 1234 3728 3,
1253 3666 1268 3716 1
1289 3666 1356 3718 dicit

128 3767 234 3819 arboris
252 3765 412 3827 medullam,
431 3757 640 3843 μελάνδρυον,
677 3752 740 3816 172.
779 3764 826 3815 tac
843 3780 870 3815 re
888 3765 932 3815 i.e.
951 3764 1022 3816 hauc
1041 3765 1153 3817 obrem.
1191 3763 1355 3837 Cinqaare,

129 3881 211 3933 qnam
240 3866 275 3918 ob
304 3880 369 3916 rem.
407 3851 469 3914 173.
507 3872 600 3916 secreta
628 3865 670 3915 16.
698 3863 836 3924 distincta,
863 3864 981 3931 propria,
1001 3868 1082 3914 certa.
1121 3851 1186 3913 174.
1224 3861 1356 3917 616616.

129 3955 209 4006 Tusa.
229 3954 317 4016 5,13,
337 3954 371 4005 37
391 3970 467 4020 oeque
486 3954 626 4015 estatinae,
645 3953 713 4020 quod
730 3968 780 4003 aon
799 3952 835 4002 ita
854 3952 952 4019 vipeat.
964 3988 969 4001 .
981 3988 987 4001 .
999 3989 1015 4014 .,
1034 3959 1062 4002 at
1079 3952 1358 4021 aatfloresaatfrupes

123 4043 227 4111 saadat
244 4051 288 4094 aar
306 4043 390 4093 bacas.
445 4041 513 4093 ΝΒ.
530 4042 554 4103 2,
574 4041 626 4093 156
645 4049 711 4092 terra
733 4038 851 4109 [fruges]
867 4040 969 4108 suadit.
1008 4027 1070 4090 175.
1108 4040 1166 4092 vitis
1176 4041 1358 4108 metonymice

132 4137 172 4184 est
200 4148 255 4183 uva
281 4131 325 4183 vel
344 4133 449 4182 vinnm.
470 4129 526 4182 Cir.
546 4131 627 4198 Verg.
647 4129 747 4196 Georg.
767 4130 826 4191 2,9'l
846 4137 904 4180 suot
921 4137 944 4181 et
961 4128 1103 4181 Arninneae
1121 4130 1191 4192 vites,
1204 4128 1359 4197 firmissima

129 4221 198 4271 cina.
237 4208 299 4270 l78·
341 4228 508 4287 aarapestatee
528 4221 570 4271 ie.
590 4224 713 4286 tempora
732 4217 831 4269 idonea
847 4222 1103 4285 atqueopportuna,
1115 4235 1178 4270 nam
1190 4220 1359 4286 tempestatis

131 4326 186 4362 vox
214 4314 254 4361 est
282 4309 398 4360 media.''
442 4298 495 4370 181,
521 4296 585 4358 184.
623 4308 705 4374 spatio
733 4308 776 4359 16.
795 4308 925 4375 tempere.
963 4294 1025 4357 183.
1063 4307 1226 4361 Atomorum
1254 4308 1360 4359 66661116

134 4392 324 4478 [συγκρίσει]
355 4400 479 4450 existunt
508 4413 558 4459 res,
578 4396 686 4448 discidio
699 4388 882 4474 [διακρίσει]
894 4396 1360 4465 16116116111166166161661611660,

133 4499 204 4566 249).
224 4487 286 4550 185.
307 4517 327 4550 s.
338 4517 363 4550 a.
374 4516 394 4550 c.
406 4501 448 4550 i.e.
458 4504 489 4550 ut
499 4499 554 4550 alia
565 4514 655 4548 rerum
665 4497 815 4565 primordia
825 4500 932 4550 coirent
941 4496 976 4548 ad
988 4497 1136 4550 concilium
1147 4497 1268 4566 genitale
1279 4497 1361 4566 (182).
