3106 5034
215 507 296 580 ergo
322 483 350 555 si
377 479 487 554 solida
513 508 552 554 ao
578 482 652 554 sine
679 483 775 554 inani
802 508 943 580 corpora
972 483 1084 579 prima

215 608 297 672 sunt
321 600 370 672 ita
396 600 449 670 uti
476 599 591 684 docui,
618 599 687 670 sint
714 598 797 670 hooc
824 608 962 671 aeterna
988 607 1173 671 necessest.

263 717 441 787 Praeterea
467 715 534 786 nisi
562 716 720 787 materies
746 728 883 786 aeterna
910 714 1048 799 fuisset,

216 831 363 903 antehae
389 831 431 903 ad
460 831 572 902 nilum
601 832 741 927 penitus
766 857 819 903 res
845 857 1005 928 quaeque
1032 831 1218 915 redissent,

217 947 260 1020 de
286 948 430 1044 niloque
456 956 572 1019 renata
600 948 712 1019 forent
738 973 982 1043 quaecumque
1008 947 1185 1018 videmus.

218 1072 252 1136 at
278 1064 445 1161 quoniam
472 1089 577 1159 supra
603 1063 707 1134 docui
733 1062 783 1132 nil
812 1088 908 1158 posse
934 1063 1042 1134 oreari

218 1180 261 1252 de
286 1179 359 1251 nilo
385 1205 499 1275 neque
526 1179 621 1274 quod
647 1179 805 1275 genitum
832 1186 882 1249 est
908 1178 951 1249 ad
979 1178 1029 1249 nil
1056 1178 1225 1261 revocari,

217 1321 288 1367 esse
313 1294 504 1367 immortali
531 1295 722 1390 primordia
749 1320 891 1391 corpore
918 1295 1064 1378 debent,

219 1410 363 1483 dissolui
390 1436 460 1507 quo
487 1436 647 1507 quaeque
673 1436 836 1506 supremo
863 1418 1019 1506 tempore
1047 1410 1196 1505 possint,

220 1528 379 1599 materies
404 1537 444 1598 ut
469 1526 670 1622 subpeditet
696 1527 800 1597 rebus
826 1527 1045 1623 reparandis

218 1651 300 1715 sunt
325 1643 433 1739 igitur
459 1642 569 1714 solida
595 1642 786 1738 primordia
812 1642 1054 1739 simplicitate,

219 1784 282 1830 nec
309 1758 442 1829 ratione
468 1766 604 1854 queunt
630 1758 697 1829 alia
724 1765 854 1828 servata
880 1783 943 1853 per
969 1784 1087 1830 aevom
1132 1851 1134 1855 y

218 1899 259 1945 en
285 1873 424 1944 infinito
449 1873 518 1945 iam
546 1882 702 1969 tempore
728 1898 780 1944 res
806 1899 981 1970 reparare.

221 1989 374 2086 denique
399 1989 428 2060 si
455 1989 589 2061 nullam
616 1992 722 2060 finem
750 1998 874 2060 natura
901 1997 1052 2085 parasset

220 2106 421 2202 frangendis
447 2107 560 2189 rebus,
588 2107 657 2177 iam
685 2132 827 2202 corpora
856 2105 1012 2176 materiai

221 2248 332 2319 usque
358 2222 495 2294 redacta
521 2222 634 2293 forent
660 2248 742 2293 aevo
768 2223 948 2317 frangente
974 2221 1106 2316 priore,

221 2346 262 2410 ut
287 2337 337 2408 nil
363 2363 404 2409 ex
429 2337 499 2409 illis
525 2364 544 2409 a
571 2346 662 2409 certo
688 2346 844 2434 tempore
870 2345 982 2432 posset

221 2460 429 2549 conceptum
456 2479 613 2525 summae
639 2454 760 2526 aetatis
786 2453 972 2549 pervadere
998 2455 1081 2524 fine.

222 2592 303 2639 nam
331 2569 471 2664 quidvis
497 2570 600 2642 citius
627 2569 767 2641 dissolvi
794 2595 890 2666 posse
918 2569 1076 2640 videmus

224 2709 328 2780 quam
357 2709 476 2756 rursus
502 2686 616 2769 refici3
644 2695 856 2782 quapropter
882 2686 984 2781 longa
1011 2686 1081 2756 diei

223 2798 361 2871 infinita
387 2808 478 2872 aetas
504 2810 583 2873 ante
609 2802 677 2872 acti
703 2803 869 2898 temporis
895 2802 1008 2873 omnis

224 2915 318 3011 quod
346 2916 500 3012 fregisset
526 2917 642 2988 adhue
669 2917 869 2989 disturbans
895 2917 1177 3012 meminensque,

223 3056 419 3128 numquam
446 3034 577 3105 relicuo
602 3035 754 3130 reparari
780 3042 935 3129 tempore
963 3040 1092 3129 posset.

224 3155 259 3219 at
285 3173 397 3232 nune,
426 3149 615 3234 nimirum,
643 3150 826 3246 frangendi
853 3150 989 3221 reddita
1015 3149 1094 3221 finis

224 3270 317 3335 certa
343 3273 478 3349 manet,
506 3266 673 3361 quoniam
700 3266 794 3337 refici
821 3291 893 3337 rem
922 3290 1100 3361 quamque
1126 3263 1285 3334 videmus

223 3387 258 3451 et
283 3379 383 3452 finita
409 3381 514 3451 simui
540 3382 731 3478 generatim
759 3390 915 3478 tempora
942 3381 1045 3452 rebus

223 3503 332 3580 stare,
359 3497 490 3593 quibus
518 3498 648 3593 possint
674 3499 748 3569 aevi
775 3498 975 3594 contingere
1001 3497 1141 3568 florem.

171 3732 246 3793 543.
283 3745 386 3812 Supra:
414 3743 465 3794 149
493 3759 553 3809 sqq.
597 3730 672 3791 548.
715 3744 798 3794 solida
826 3743 976 3810 stuporum
1004 3742 1186 3803 abundanter,
1218 3746 1246 3792 ut
1274 3741 1351 3801 solet,

127 3832 190 3885 Luc.
209 3833 293 3895 dieit3
313 3834 361 3883 cfr.
382 3833 433 3882 510
453 3837 479 3883 et
498 3832 549 3882 538
568 3831 651 3882 solido
670 3847 701 3881 oo
719 3831 772 3882 sine
791 3832 872 3881 irioni.
910 3831 1022 3898 Simpler
1040 3833 1112 3881 enim
1130 3830 1204 3897 quod
1221 3829 1352 3891 astinem

126 3927 167 3975 est
184 3923 309 3986 solidum
329 3938 393 3973 nam
412 3921 532 3973 solidum
552 3926 601 3982 ost,
621 3920 693 3986 quod
715 3922 773 3971 sine
793 3922 869 3971 inani
890 3925 946 3981 ost3
966 3919 1085 3986 simplex
1104 3925 1152 3980 est,
1163 3918 1237 3985 qnod
1248 3923 1354 3970 const-at

128 4037 182 4072 nna
212 4036 238 4071 re
267 4024 350 4087 atque
376 4021 462 4086 igitur
487 4021 545 4069 sine
565 4020 641 4069 inani
662 4023 709 4070 est.
757 4015 832 4075 555,
868 4034 967 4067 summo
991 4026 1060 4068 oecos
1080 4019 1121 4068 io.
1142 4001 1238 4096 ἀκμή,
1259 4016 1354 4068 adulta

126 4124 209 4181 aetas,
229 4119 277 4169 ubi
298 4134 339 4169 res
360 4133 408 4168 neo
427 4119 523 4168 erescit
541 4133 590 4167 neo
610 4117 748 4167 decrescit.
768 4147 802 4153 -—
816 4116 872 4184 fine
892 4118 933 4166 io.
946 4121 1032 4176 tenus,
1045 4115 1172 4177 utinm.
1207 4103 1282 4164 557.
1302 4115 1356 4165 diei

127 4216 196 4259 oetas
224 4212 265 4260 est
292 4209 310 4259 i.
339 4224 365 4274 q.
394 4212 477 4257 aetas.
508 4204 564 4257 cfr.
584 4204 655 4255 Geli.
675 4205 752 4265 9,14;
775 4206 897 4258 ..Εηιιὶυε
917 4205 970 4254 dies
989 4206 1097 4271 scripsit
1117 4221 1165 4271 pro
1185 4204 1237 4255 diei
1255 4207 1282 4255 in
1304 4205 1354 4256 hoo

127 4313 207 4350 versu
231 4305 357 4364 postremo
385 4295 521 4362 lonqinquo
544 4295 597 4344 dies
620 4295 757 4362 confecerit
774 4294 869 4345 (κταρ.
916 4281 990 4343 560.
1028 4293 1134 4344 relicuus
1153 4294 1225 4361 apud
1246 4294 1309 4345 Luo.
1329 4299 1355 4345 et

127 4387 299 4454 antiquiores
337 4387 483 4452 scriptores
517 4400 623 4451 sempor
651 4389 692 4435 est
719 4389 851 4450 quattuor
879 4383 1059 4450 syliabarum.
1106 4370 1180 4432 563.
1216 4384 1355 4450 pepererim

126 4476 198 4549 rebus
216 4477 259 4529 ei.
278 4474 398 4543 singulis
417 4491 507 4525 rorum
528 4474 683 4540 generibus.
