3106 5034
319 474 417 570 signa
443 499 568 545 manus
594 473 730 545 dextras
756 473 946 544 ostendunt
972 471 1156 543 adtenuari

319 615 420 686 saepe
446 588 660 661 salutantum
687 598 783 660 tactu
810 597 1015 684 praeterque
1042 595 1241 659 meantum.

320 705 403 776 liaeo
429 705 539 800 igitur
565 705 698 788 minui,
727 730 807 774 cum
835 704 904 775 sint
930 704 1075 788 detrita,
1103 703 1281 774 videmus:

318 820 375 891 sed
403 845 492 916 quae
519 845 662 916 corpora
688 818 860 890 decedant
886 820 922 889 in
950 828 1106 914 tempore
1133 842 1293 913 quoque,

320 935 438 1006 invida
466 934 652 1031 praeclusit
678 935 827 1031 speciem
856 943 981 1006 natura
1007 932 1168 1005 videndi.

322 1059 493 1148 postremo
520 1077 765 1147 quaecumque
791 1051 865 1123 dies
892 1059 1087 1146 naturaque
1113 1048 1218 1120 rebus

319 1166 490 1263 paulatim
516 1167 660 1251 tribuit,
690 1166 894 1238 moderatim
922 1189 1073 1237 crescere
1100 1189 1243 1259 cogam,

321 1280 418 1352 nulla
444 1289 555 1377 potest
581 1281 762 1353 oculorum
791 1281 881 1352 acies
907 1287 1069 1351 contenta
1095 1279 1204 1362 tueri;

262 1418 272 1429 ²
322 1422 384 1468 nec
411 1421 512 1492 porro
539 1422 783 1493 quamcumque
809 1422 891 1468 aevo
917 1395 1098 1490 macieque
1124 1403 1324 1477 senescunt,

321 1538 395 1596 neo,
424 1537 517 1583 mare
544 1538 632 1608 quae
659 1512 862 1609 inpendent,
890 1537 987 1583 vesco
1013 1510 1082 1582 sule
1108 1535 1188 1581 saxa
1214 1534 1332 1606 peresa

320 1627 407 1723 quid
434 1652 574 1723 quoque
601 1629 763 1700 amittant
788 1630 825 1701 in
852 1637 1007 1724 tempore
1034 1651 1173 1699 cernere
1201 1626 1322 1722 possis.

322 1743 525 1838 corporibus
551 1744 660 1815 caecis
685 1745 794 1840 igitur
820 1751 943 1815 natura
969 1743 1058 1838 gerit
1084 1768 1145 1813 res.

374 1858 447 1929 Nec
474 1865 589 1929 tamen
617 1859 776 1955 undique
802 1883 965 1955 corporea
990 1858 1116 1954 stipata
1141 1864 1305 1928 tenentur
1315 1881 1422 1943 praeter
1441 1893 1543 1945 corpor.

243 1996 270 2021 θ’
321 1973 439 2046 omnia
465 1983 611 2045 natura:
640 1999 792 2070 namque
818 1982 868 2045 est
894 1974 930 2044 in
959 1973 1063 2044 rebus
1089 1974 1210 2044 inane.
1357 1972 1398 2017 est
1418 1967 1513 2019 inane.

321 2089 417 2186 quod
444 2090 509 2161 tibi
536 2115 697 2186 cognosse
724 2090 760 2159 in
788 2089 909 2161 multis
935 2089 1000 2160 erit
1027 2088 1113 2159 utile
1140 2089 1262 2172 rebus,

325 2229 388 2276 nec
414 2205 503 2276 sinet
528 2213 701 2276 errantem
728 2205 890 2276 dubitare
916 2213 950 2276 et
977 2228 1141 2300 quaerere
1167 2229 1303 2301 semper

325 2320 368 2392 de
393 2346 531 2391 summa
557 2345 673 2391 rerum
700 2334 734 2392 et
760 2321 884 2393 nostris
910 2320 1068 2392 diffidere
1094 2320 1214 2391 dictis.

322 2444 535 2531 (prepropter
561 2434 657 2506 locus
682 2447 732 2507 est
758 2436 909 2507 intactus
935 2436 1037 2506 inane
1064 2460 1276 2531 vacansque.

263 2574 274 2597 Γ
323 2549 416 2646 quod
445 2550 472 2621 si
500 2576 568 2621 non
596 2559 692 2635 esset,
720 2550 817 2622 nulla
844 2551 976 2622 ratione
1003 2550 1133 2622 moveri
1452 2573 1543 2641 s1·g.1

322 2692 374 2738 res
401 2675 560 2762 possent;
589 2692 740 2763 namque
767 2666 921 2738 officium
948 2665 1044 2763 quod
1070 2666 1222 2762 corporis
1248 2674 1374 2751 exstat,

324 2783 459 2853 officere
485 2789 590 2878 atquc
616 2782 761 2865 obstare,
788 2780 826 2851 id
853 2782 888 2852 in
916 2783 1012 2854 omni
1038 2790 1194 2878 tempore
1220 2782 1352 2853 adesset

323 2897 512 2981 omnibus;
541 2897 635 2969 haud
662 2897 771 2993 igitur
796 2898 987 2993 quicquam
1014 2897 1199 2994 procedere
1227 2905 1352 2993 posset,

323 3012 537 3108 principium
565 3012 730 3109 quoniam
758 3011 906 3084 cedendi
933 3011 1030 3083 nulla
1056 3012 1153 3084 daret
1179 3037 1249 3084 res.

227 3149 278 3200 340
323 3138 358 3201 at
385 3155 478 3201 nunc
506 3156 567 3226 per
594 3130 702 3200 maria
727 3156 766 3200 ac
792 3138 899 3201 terras
925 3129 1147 3225 sublimaque
1174 3127 1260 3200 caeli

327 3244 439 3316 multa
466 3245 578 3316 modis
605 3244 725 3316 multis
751 3245 844 3317 varia
870 3244 1003 3316 ratione
1030 3245 1159 3316 moveri

271 3470 345 3531 32l·
383 3481 483 3550 Species
502 3488 542 3532 est
561 3498 655 3532 sensns
675 3481 796 3543 videndi,
817 3487 847 3532 ut
866 3481 1024 3544 4‚236.242;
1044 3481 1194 3542 suatim.
1230 3481 1342 3548 Speciem
1352 3481 1458 3532 uidendi

227 3572 298 3622 idem
328 3571 473 3622 abundans
501 3570 608 3621 dicendi
639 3586 725 3637 genus
754 3576 794 3621 est
819 3588 850 3621 nc
868 3571 976 3622 stilicidi
993 3587 1066 3621 casus
1084 3570 1167 3636 (313).
1204 3568 1260 3621 Cir.
1280 3568 1336 3620 Cic.
1355 3569 1388 3620 de
1409 3570 1456 3620 fin.

228 3661 297 3722 1,33,
318 3660 393 3711 Brut.
414 3659 474 3720 189,
493 3658 528 3710 acl
548 3659 604 3709 Att.
623 3659 711 3720 4,1a,3
730 3659 840 3725 eliciendi
857 3660 932 3726 optio.
979 3647 1119 3709 322-7.
1150 3656 1313 3709 Attendead
1325 3672 1456 3708 versuum

230 3751 271 3800 bis
284 3754 423 3801 ternorum
441 3747 676 3814 aequabilitatem.
712 3735 789 3796 324·
827 3749 902 3799 ecies.
923 3747 979 3800 Cic.
998 3749 1060 3799 Nat.
1081 3749 1160 3799 Deor.
1172 3745 1249 3808 2,142
1261 3745 1327 3796 acics
1338 3745 1395 3812 ipsa
1406 3761 1458 3812 quo

229 3838 361 3890 cernimus.
381 3853 444 3904 qiioe
459 3837 558 3904 pupulo
578 3844 686 3886 crocatur.
702 3836 1032 3898 —contertta.Cf1·.4,809.
1079 3824 1153 3885 326.
1183 3834 1334 3902 dependere,
1346 3834 1457 3885 incidere

228 3927 336 3992 (noos),
356 3926 469 3976 cocidere
489 3924 588 3991 (5,609)
608 3941 668 3974 cnm
689 3927 843 3976 accusativo
863 3942 917 3977 non
938 3928 1093 3993 iunguntur
1113 3927 1164 3975 nisi
1186 3941 1201 3975 a
1218 3925 1304 3991 poetis
1315 3924 1400 3990 etqui
1411 3938 1457 3975 eos

203 4024 205 4027 ’
230 4016 375 4065 imitantur
394 4014 574 4080 scriptoribus
594 4018 621 4063 et
640 4014 667 4064 id
690 4014 1083 4080 perraro.—nesmiecdaci,
1129 4001 1203 4062 329.
1233 4021 1457 4081 corporeaoatnra

231 4104 273 4152 ic.
293 4119 413 4169 corpore.
433 4101 489 4153 Cir.
509 4102 543 4152 ad
564 4120 588 4152 v.
609 4102 669 4153 281.
715 4090 791 4152 330·
812 4101 986 4154 Cfrnadlw-
1011 4090 1087 4152 334·
1125 4103 1232 4154 intactus
1251 4104 1294 4154 i.e.
1314 4101 1457 4164 intactills,

232 4190 307 4239 437.’
338 4179 401 4239 336
421 4207 461 4256 sq.
499 4190 554 4242 Cir.
575 4188 630 4241 Cic.
651 4209 699 4257 pro
719 4191 744 4242 S.
767 4193 841 4243 Rosc.
862 4192 912 4241 112
932 4208 977 4241 cur
994 4191 1058 4241 milti
1075 4198 1097 4242 te
1115 4190 1192 4258 offers
1211 4189 1458 4242 acmeiscommodis

233 4278 323 4346 officio
333 4279 450 4329 simulato
460 4279 548 4346 officis
558 4287 581 4329 et
589 4279 689 4330 obstas?
735 4269 809 4329 340.
849 4281 1054 4332 Adiectivorum
1075 4279 1460 4347 quaesuntssblimustitarus

233 4368 342 4418 inernies
362 4368 425 4418 Luc.
446 4384 499 4419 non
521 4369 573 4417 nisi
594 4367 729 4418 secundae
749 4369 942 4420 declinationis
962 4369 1056 4420 formis
1077 4369 1173 4419 utitur.
1210 4367 1353 4420 Praeterea
1362 4367 1459 4421 scribit

233 4457 318 4508 sterila
339 4457 425 4517 nait.
465 4456 595 4507 Adverbii
616 4462 706 4507 initam
727 4457 830 4506 sublime
851 4456 975 4507 nltimam
996 4456 1133 4523 syllabam
1152 4455 1290 4526 corripit..
