<?xml version="1.0" encoding="UTF-8"?>
<!DOCTYPE html PUBLIC "-//W3C//DTD XHTML 1.0 Transitional//EN"
    "http://www.w3.org/TR/xhtml1/DTD/xhtml1-transitional.dtd">
<html xmlns="http://www.w3.org/1999/xhtml" xml:lang="en" lang="en">
 <head>
  <title>
</title>
<meta http-equiv="Content-Type" content="text/html;charset=utf-8" />
  <meta name='ocr-system' content='tesseract 3.04.00' />
  <meta name='ocr-capabilities' content='ocr_page ocr_carea ocr_par ocr_line ocrx_word'/>
</head>
<body>
  <div class='ocr_page' id='page_1' title='image "./dererumnaturali03carugoog_0029.png"; bbox 0 0 3106 5034; ppageno 0'>
   <div class='ocr_carea' id='block_1_1' title="bbox 234 459 1342 2530">
    <p class='ocr_par' dir='ltr' id='par_1_1' title="bbox 299 459 1304 1607">
     <span class='ocr_line' id='line_1_1' title="bbox 299 459 1277 562; baseline -0.002 -24"><span class='ocrx_word' id='word_1_1' title='bbox 299 492 379 538; x_wconf 91' lang='lat' dir='ltr'>nam</span> <span class='ocrx_word' id='word_1_2' title='bbox 407 467 529 537; x_wconf 88' lang='lat' dir='ltr'>fierent</span> <span class='ocrx_word' id='word_1_3' title='bbox 554 461 695 537; x_wconf 87' lang='lat' dir='ltr'>iuvenes</span> <span class='ocrx_word' id='word_1_4' title='bbox 720 459 836 537; x_wconf 91' lang='lat' dir='ltr'>subito</span> <span class='ocrx_word' id='word_1_5' title='bbox 862 490 903 536; x_wconf 82' lang='lat' dir='ltr'>en</span> <span class='ocrx_word' id='word_1_6' title='bbox 930 459 1117 536; x_wconf 87' lang='lat' dir='ltr'>infantibu’</span> <span class='ocrx_word' id='word_1_7' title='bbox 1145 460 1277 562; x_wconf 91' lang='lat' dir='ltr'>parvis,</span> 
     </span>
     <span class='ocr_line' id='line_1_2' title="bbox 299 580 1155 678; baseline -0.002 -24"><span class='ocrx_word' id='word_1_8' title='bbox 299 608 317 654; x_wconf 94' lang='lat' dir='ltr'>e</span> <span class='ocrx_word' id='word_1_9' title='bbox 343 589 503 676; x_wconf 87' lang='lat' dir='ltr'>terraque</span> <span class='ocrx_word' id='word_1_10' title='bbox 528 589 645 653; x_wconf 87' lang='lat' dir='ltr'>exorta</span> <span class='ocrx_word' id='word_1_11' title='bbox 670 589 812 678; x_wconf 89' lang='lat' dir='ltr'>repente</span> <span class='ocrx_word' id='word_1_12' title='bbox 838 581 979 653; x_wconf 90' lang='lat' dir='ltr'>arbusta</span> <span class='ocrx_word' id='word_1_13' title='bbox 1004 580 1155 665; x_wconf 81' lang='lat' dir='ltr'>salirent,</span> 
     </span>
     <span class='ocr_line' id='line_1_3' title="bbox 299 687 1304 796; baseline -0.004 -26"><span class='ocrx_word' id='word_1_14' title='bbox 299 707 464 796; x_wconf 88' lang='lat' dir='ltr'>(quorum</span> <span class='ocrx_word' id='word_1_15' title='bbox 490 697 540 768; x_wconf 91' lang='lat' dir='ltr'>nil</span> <span class='ocrx_word' id='word_1_16' title='bbox 568 698 642 768; x_wconf 88' lang='lat' dir='ltr'>fieri</span> <span class='ocrx_word' id='word_1_17' title='bbox 661 687 895 769; x_wconf 51' lang='lat' dir='ltr'>¹manifestum</span> <span class='ocrx_word' id='word_1_18' title='bbox 921 704 990 780; x_wconf 91' lang='lat' dir='ltr'>est,</span> <span class='ocrx_word' id='word_1_19' title='bbox 1018 695 1136 783; x_wconf 90' lang='lat' dir='ltr'>omnia</span> <span class='ocrx_word' id='word_1_20' title='bbox 1162 695 1304 792; x_wconf 91' lang='lat' dir='ltr'>quando</span> 
     </span>
     <span class='ocr_line' id='line_1_4' title="bbox 299 811 1209 913; baseline -0.004 -27"><span class='ocrx_word' id='word_1_21' title='bbox 299 815 468 913; x_wconf 90' lang='lat' dir='ltr'>paulatim</span> <span class='ocrx_word' id='word_1_22' title='bbox 496 821 673 898; x_wconf 91' lang='lat' dir='ltr'>crescunt,</span> <span class='ocrx_word' id='word_1_23' title='bbox 700 822 740 884; x_wconf 90' lang='lat' dir='ltr'>ut</span> <span class='ocrx_word' id='word_1_24' title='bbox 767 838 828 910; x_wconf 90' lang='lat' dir='ltr'>par</span> <span class='ocrx_word' id='word_1_25' title='bbox 854 820 904 885; x_wconf 90' lang='lat' dir='ltr'>est</span> <span class='ocrx_word' id='word_1_26' title='bbox 928 811 1061 884; x_wconf 89' lang='lat' dir='ltr'>semine</span> <span class='ocrx_word' id='word_1_27' title='bbox 1087 817 1209 900; x_wconf 82' lang='lat' dir='ltr'>certo);</span> 
     </span>
     <span class='ocr_line' id='line_1_5' title="bbox 300 927 1240 1026; baseline -0.004 -24"><span class='ocrx_word' id='word_1_28' title='bbox 300 938 558 1026; x_wconf 79' lang='lat' dir='ltr'>crescentesque</span> <span class='ocrx_word' id='word_1_29' title='bbox 584 955 694 1025; x_wconf 90' lang='lat' dir='ltr'>genus</span> <span class='ocrx_word' id='word_1_30' title='bbox 720 937 873 1014; x_wconf 84' lang='lat' dir='ltr'>servant,</span> <span class='ocrx_word' id='word_1_31' title='bbox 902 937 941 1000; x_wconf 89' lang='lat' dir='ltr'>ut</span> <span class='ocrx_word' id='word_1_32' title='bbox 967 952 1106 999; x_wconf 87' lang='lat' dir='ltr'>noscere</span> <span class='ocrx_word' id='word_1_33' title='bbox 1133 927 1240 1024; x_wconf 89' lang='lat' dir='ltr'>possis</span> 
     </span>
     <span class='ocr_line' id='line_1_6' title="bbox 299 1043 1193 1142; baseline -0.003 -25"><span class='ocrx_word' id='word_1_34' title='bbox 299 1046 453 1142; x_wconf 84' lang='lat' dir='ltr'>quicque</span> <span class='ocrx_word' id='word_1_35' title='bbox 478 1069 540 1115; x_wconf 90' lang='lat' dir='ltr'>sua</span> <span class='ocrx_word' id='word_1_36' title='bbox 566 1045 610 1116; x_wconf 94' lang='lat' dir='ltr'>de</span> <span class='ocrx_word' id='word_1_37' title='bbox 637 1045 781 1116; x_wconf 88' lang='lat' dir='ltr'>materia</span> <span class='ocrx_word' id='word_1_38' title='bbox 805 1044 1031 1140; x_wconf 83' lang='lat' dir='ltr'>grandescere</span> <span class='ocrx_word' id='word_1_39' title='bbox 1057 1043 1193 1139; x_wconf 84' lang='lat' dir='ltr'>alique.</span> 
     </span>
     <span class='ocr_line' id='line_1_7' title="bbox 301 1159 1147 1233; baseline -0.002 0"><span class='ocrx_word' id='word_1_40' title='bbox 301 1161 370 1233; x_wconf 85' lang='lat' dir='ltr'>huc</span> <span class='ocrx_word' id='word_1_41' title='bbox 397 1160 531 1232; x_wconf 88' lang='lat' dir='ltr'>accedit</span> <span class='ocrx_word' id='word_1_42' title='bbox 556 1159 609 1231; x_wconf 91' lang='lat' dir='ltr'>uti</span> <span class='ocrx_word' id='word_1_43' title='bbox 635 1160 710 1232; x_wconf 91' lang='lat' dir='ltr'>sine</span> <span class='ocrx_word' id='word_1_44' title='bbox 736 1161 837 1232; x_wconf 89' lang='lat' dir='ltr'>certis</span> <span class='ocrx_word' id='word_1_45' title='bbox 863 1161 1038 1232; x_wconf 81' lang='lat' dir='ltr'>imbribus</span> <span class='ocrx_word' id='word_1_46' title='bbox 1064 1160 1147 1233; x_wconf 90' lang='lat' dir='ltr'>anni</span> 
     </span>
     <span class='ocr_line' id='line_1_8' title="bbox 301 1276 1135 1373; baseline -0.004 -24"><span class='ocrx_word' id='word_1_47' title='bbox 301 1278 466 1349; x_wconf 87' lang='lat' dir='ltr'>laetificos</span> <span class='ocrx_word' id='word_1_48' title='bbox 492 1284 642 1373; x_wconf 88' lang='lat' dir='ltr'>nequeat</span> <span class='ocrx_word' id='word_1_49' title='bbox 668 1276 758 1348; x_wconf 84' lang='lat' dir='ltr'>fetus</span> <span class='ocrx_word' id='word_1_50' title='bbox 782 1276 988 1348; x_wconf 79' lang='lat' dir='ltr'>submittere</span> <span class='ocrx_word' id='word_1_51' title='bbox 1013 1276 1135 1359; x_wconf 91' lang='lat' dir='ltr'>tellus,</span> 
     </span>
     <span class='ocr_line' id='line_1_9' title="bbox 302 1391 1149 1490; baseline -0.004 -25"><span class='ocrx_word' id='word_1_52' title='bbox 302 1419 365 1465; x_wconf 93' lang='lat' dir='ltr'>nec</span> <span class='ocrx_word' id='word_1_53' title='bbox 392 1418 493 1490; x_wconf 91' lang='lat' dir='ltr'>porro</span> <span class='ocrx_word' id='word_1_54' title='bbox 519 1400 648 1463; x_wconf 87' lang='lat' dir='ltr'>secreta</span> <span class='ocrx_word' id='word_1_55' title='bbox 674 1392 752 1463; x_wconf 89' lang='lat' dir='ltr'>cibo</span> <span class='ocrx_word' id='word_1_56' title='bbox 778 1399 903 1463; x_wconf 88' lang='lat' dir='ltr'>natura</span> <span class='ocrx_word' id='word_1_57' title='bbox 929 1391 1149 1464; x_wconf 84' lang='lat' dir='ltr'>animantum</span> 
     </span>
     <span class='ocr_line' id='line_1_10' title="bbox 303 1507 1100 1607; baseline -0.001 -28"><span class='ocrx_word' id='word_1_58' title='bbox 303 1533 494 1607; x_wconf 88' lang='lat' dir='ltr'>propagare</span> <span class='ocrx_word' id='word_1_59' title='bbox 519 1532 629 1603; x_wconf 89' lang='lat' dir='ltr'>genus</span> <span class='ocrx_word' id='word_1_60' title='bbox 655 1507 761 1604; x_wconf 89' lang='lat' dir='ltr'>possit</span> <span class='ocrx_word' id='word_1_61' title='bbox 787 1507 965 1603; x_wconf 87' lang='lat' dir='ltr'>vitamque</span> <span class='ocrx_word' id='word_1_62' title='bbox 990 1507 1100 1592; x_wconf 91' lang='lat' dir='ltr'>tueri;</span> 
     </span>
    </p>

    <p class='ocr_par' dir='ltr' id='par_1_2' title="bbox 234 1623 1342 2530">
     <span class='ocr_line' id='line_1_11' title="bbox 234 1623 1159 1722; baseline -0.001 -26"><span class='ocrx_word' id='word_1_63' title='bbox 234 1668 236 1677; x_wconf 81' lang='lat'><em>=</em></span> <span class='ocrx_word' id='word_1_64' title='bbox 304 1633 344 1696; x_wconf 89' lang='lat' dir='ltr'>ut</span> <span class='ocrx_word' id='word_1_65' title='bbox 370 1624 487 1722; x_wconf 87' lang='lat' dir='ltr'>potius</span> <span class='ocrx_word' id='word_1_66' title='bbox 513 1623 634 1695; x_wconf 90' lang='lat' dir='ltr'>multis</span> <span class='ocrx_word' id='word_1_67' title='bbox 660 1623 861 1695; x_wconf 90' lang='lat' dir='ltr'>communia</span> <span class='ocrx_word' id='word_1_68' title='bbox 887 1649 1030 1720; x_wconf 89' lang='lat' dir='ltr'>corpora</span> <span class='ocrx_word' id='word_1_69' title='bbox 1055 1624 1159 1695; x_wconf 89' lang='lat' dir='ltr'>rebus</span> 
     </span>
     <span class='ocr_line' id='line_1_12' title="bbox 305 1738 1259 1836; baseline -0.003 -23"><span class='ocrx_word' id='word_1_70' title='bbox 305 1739 417 1813; x_wconf 90' lang='lat' dir='ltr'>multa</span> <span class='ocrx_word' id='word_1_71' title='bbox 443 1747 544 1836; x_wconf 88' lang='lat' dir='ltr'>putes</span> <span class='ocrx_word' id='word_1_72' title='bbox 570 1764 651 1823; x_wconf 92' lang='lat' dir='ltr'>esse,</span> <span class='ocrx_word' id='word_1_73' title='bbox 679 1748 719 1810; x_wconf 88' lang='lat' dir='ltr'>ut</span> <span class='ocrx_word' id='word_1_74' title='bbox 744 1738 858 1810; x_wconf 91' lang='lat' dir='ltr'>verbis</span> <span class='ocrx_word' id='word_1_75' title='bbox 883 1738 1053 1812; x_wconf 88' lang='lat' dir='ltr'>elementa</span> <span class='ocrx_word' id='word_1_76' title='bbox 1072 1740 1259 1824; x_wconf 78' lang='lat' dir='ltr'>uidemus,</span> 
     </span>
     <span class='ocr_line' id='line_1_13' title="bbox 306 1854 1271 1954; baseline -0.001 -26"><span class='ocrx_word' id='word_1_77' title='bbox 306 1882 412 1953; x_wconf 91' lang='lat' dir='ltr'>quam</span> <span class='ocrx_word' id='word_1_78' title='bbox 440 1856 514 1927; x_wconf 93' lang='lat' dir='ltr'>sine</span> <span class='ocrx_word' id='word_1_79' title='bbox 541 1855 723 1951; x_wconf 88' lang='lat' dir='ltr'>principiis</span> <span class='ocrx_word' id='word_1_80' title='bbox 750 1854 858 1925; x_wconf 90' lang='lat' dir='ltr'>ullam</span> <span class='ocrx_word' id='word_1_81' title='bbox 885 1879 960 1926; x_wconf 92' lang='lat' dir='ltr'>rem</span> <span class='ocrx_word' id='word_1_82' title='bbox 986 1855 1130 1927; x_wconf 83' lang='lat' dir='ltr'>existere</span> <span class='ocrx_word' id='word_1_83' title='bbox 1156 1881 1271 1954; x_wconf 90' lang='lat' dir='ltr'>posse.</span> 
     </span>
     <span class='ocr_line' id='line_1_14' title="bbox 307 1969 1168 2068; baseline -0.001 -25"><span class='ocrx_word' id='word_1_84' title='bbox 307 1972 461 2068; x_wconf 88' lang='lat' dir='ltr'>denique</span> <span class='ocrx_word' id='word_1_85' title='bbox 487 1995 549 2041; x_wconf 92' lang='lat' dir='ltr'>cur</span> <span class='ocrx_word' id='word_1_86' title='bbox 576 1969 734 2044; x_wconf 88' lang='lat' dir='ltr'>homines</span> <span class='ocrx_word' id='word_1_87' title='bbox 760 1978 872 2041; x_wconf 92' lang='lat' dir='ltr'>tantos</span> <span class='ocrx_word' id='word_1_88' title='bbox 898 1981 1023 2042; x_wconf 88' lang='lat' dir='ltr'>natura</span> <span class='ocrx_word' id='word_1_89' title='bbox 1048 1996 1168 2067; x_wconf 88' lang='lat' dir='ltr'>parare</span> 
     </span>
     <span class='ocr_line' id='line_1_15' title="bbox 307 2085 1342 2185; baseline 0 -26"><span class='ocrx_word' id='word_1_90' title='bbox 307 2113 377 2159; x_wconf 91' lang='lat' dir='ltr'>non</span> <span class='ocrx_word' id='word_1_91' title='bbox 404 2086 537 2184; x_wconf 91' lang='lat' dir='ltr'>potuit,</span> <span class='ocrx_word' id='word_1_92' title='bbox 565 2085 715 2182; x_wconf 89' lang='lat' dir='ltr'>pedibus</span> <span class='ocrx_word' id='word_1_93' title='bbox 740 2086 803 2181; x_wconf 91' lang='lat' dir='ltr'>qui</span> <span class='ocrx_word' id='word_1_94' title='bbox 830 2095 978 2182; x_wconf 90' lang='lat' dir='ltr'>pontum</span> <span class='ocrx_word' id='word_1_95' title='bbox 1004 2111 1066 2182; x_wconf 93' lang='lat' dir='ltr'>per</span> <span class='ocrx_word' id='word_1_96' title='bbox 1091 2087 1178 2166; x_wconf 88' lang='lat' dir='ltr'>vada</span> <span class='ocrx_word' id='word_1_97' title='bbox 1204 2095 1342 2185; x_wconf 89' lang='lat' dir='ltr'>possent</span> 
     </span>
     <span class='ocr_line' id='line_1_16' title="bbox 309 2202 1216 2298; baseline 0 -23"><span class='ocrx_word' id='word_1_98' title='bbox 309 2202 454 2275; x_wconf 88' lang='lat' dir='ltr'>transire</span> <span class='ocrx_word' id='word_1_99' title='bbox 479 2208 514 2274; x_wconf 93' lang='lat' dir='ltr'>et</span> <span class='ocrx_word' id='word_1_100' title='bbox 540 2226 682 2298; x_wconf 89' lang='lat' dir='ltr'>magnos</span> <span class='ocrx_word' id='word_1_101' title='bbox 709 2202 872 2274; x_wconf 88' lang='lat' dir='ltr'>manibus</span> <span class='ocrx_word' id='word_1_102' title='bbox 897 2202 1062 2275; x_wconf 88' lang='lat' dir='ltr'>divellere</span> <span class='ocrx_word' id='word_1_103' title='bbox 1088 2204 1216 2276; x_wconf 87' lang='lat' dir='ltr'>montis</span> 
     </span>
     <span class='ocr_line' id='line_1_17' title="bbox 310 2317 1129 2414; baseline 0.001 -24"><span class='ocrx_word' id='word_1_104' title='bbox 310 2318 493 2414; x_wconf 90' lang='lat' dir='ltr'>multaque</span> <span class='ocrx_word' id='word_1_105' title='bbox 518 2317 666 2388; x_wconf 88' lang='lat' dir='ltr'>vivendo</span> <span class='ocrx_word' id='word_1_106' title='bbox 692 2317 811 2389; x_wconf 89' lang='lat' dir='ltr'>vitalia</span> <span class='ocrx_word' id='word_1_107' title='bbox 837 2319 974 2390; x_wconf 89' lang='lat' dir='ltr'>vincere</span> <span class='ocrx_word' id='word_1_108' title='bbox 1000 2319 1129 2404; x_wconf 92' lang='lat' dir='ltr'>saecla,</span> 
     </span>
     <span class='ocr_line' id='line_1_18' title="bbox 309 2432 1193 2530; baseline 0 -24"><span class='ocrx_word' id='word_1_109' title='bbox 309 2434 338 2506; x_wconf 94' lang='lat' dir='ltr'>si</span> <span class='ocrx_word' id='word_1_110' title='bbox 365 2458 454 2518; x_wconf 94' lang='lat' dir='ltr'>non,</span> <span class='ocrx_word' id='word_1_111' title='bbox 483 2432 643 2504; x_wconf 89' lang='lat' dir='ltr'>materies</span> <span class='ocrx_word' id='word_1_112' title='bbox 668 2433 752 2530; x_wconf 91' lang='lat' dir='ltr'>quia</span> <span class='ocrx_word' id='word_1_113' title='bbox 778 2434 881 2506; x_wconf 90' lang='lat' dir='ltr'>rebus</span> <span class='ocrx_word' id='word_1_114' title='bbox 907 2434 1044 2506; x_wconf 88' lang='lat' dir='ltr'>reddita</span> <span class='ocrx_word' id='word_1_115' title='bbox 1070 2443 1193 2507; x_wconf 89' lang='lat' dir='ltr'>certast</span> 
     </span>
    </p>
   </div>
   <div class='ocr_carea' id='block_1_2' title="bbox 310 2547 1395 3216">
    <p class='ocr_par' dir='ltr' id='par_1_3' title="bbox 310 2547 1198 2646">
     <span class='ocr_line' id='line_1_19' title="bbox 310 2547 1198 2646; baseline 0.002 -26"><span class='ocrx_word' id='word_1_116' title='bbox 310 2547 519 2646; x_wconf 82' lang='lat' dir='ltr'>gignundis,</span> <span class='ocrx_word' id='word_1_117' title='bbox 546 2572 565 2618; x_wconf 91' lang='lat' dir='ltr'>c</span> <span class='ocrx_word' id='word_1_118' title='bbox 591 2574 660 2644; x_wconf 91' lang='lat' dir='ltr'>qua</span> <span class='ocrx_word' id='word_1_119' title='bbox 687 2557 819 2621; x_wconf 88' lang='lat' dir='ltr'>constat</span> <span class='ocrx_word' id='word_1_120' title='bbox 845 2549 933 2645; x_wconf 92' lang='lat' dir='ltr'>quid</span> <span class='ocrx_word' id='word_1_121' title='bbox 959 2550 1066 2646; x_wconf 91' lang='lat' dir='ltr'>possit</span> <span class='ocrx_word' id='word_1_122' title='bbox 1091 2551 1198 2622; x_wconf 77' lang='lat' dir='ltr'>oriri?</span> 
     </span>
    </p>

    <p class='ocr_par' dir='ltr' id='par_1_4' title="bbox 312 2664 1148 2762">
     <span class='ocr_line' id='line_1_20' title="bbox 312 2664 1148 2762; baseline 0.001 -25"><span class='ocrx_word' id='word_1_123' title='bbox 312 2665 362 2737; x_wconf 91' lang='lat' dir='ltr'>nil</span> <span class='ocrx_word' id='word_1_124' title='bbox 389 2664 498 2762; x_wconf 90' lang='lat' dir='ltr'>igitur</span> <span class='ocrx_word' id='word_1_125' title='bbox 523 2664 598 2735; x_wconf 90' lang='lat' dir='ltr'>ficri</span> <span class='ocrx_word' id='word_1_126' title='bbox 625 2664 668 2736; x_wconf 93' lang='lat' dir='ltr'>de</span> <span class='ocrx_word' id='word_1_127' title='bbox 694 2664 766 2736; x_wconf 91' lang='lat' dir='ltr'>nilo</span> <span class='ocrx_word' id='word_1_128' title='bbox 793 2690 890 2762; x_wconf 89' lang='lat' dir='ltr'>posse</span> <span class='ocrx_word' id='word_1_129' title='bbox 916 2665 1148 2751; x_wconf 84' lang='lat' dir='ltr'>fatendumst,</span> 
     </span>
    </p>

    <p class='ocr_par' dir='ltr' id='par_1_5' title="bbox 312 2780 1395 2993">
     <span class='ocr_line' id='line_1_21' title="bbox 312 2780 1395 2879; baseline 0.002 -25"><span class='ocrx_word' id='word_1_130' title='bbox 312 2781 444 2854; x_wconf 91' lang='lat' dir='ltr'>semine</span> <span class='ocrx_word' id='word_1_131' title='bbox 470 2780 612 2876; x_wconf 88' lang='lat' dir='ltr'>quando</span> <span class='ocrx_word' id='word_1_132' title='bbox 638 2805 727 2877; x_wconf 91' lang='lat' dir='ltr'>opus</span> <span class='ocrx_word' id='word_1_133' title='bbox 752 2788 802 2852; x_wconf 89' lang='lat' dir='ltr'>est</span> <span class='ocrx_word' id='word_1_134' title='bbox 827 2781 950 2866; x_wconf 89' lang='lat' dir='ltr'>rebus,</span> <span class='ocrx_word' id='word_1_135' title='bbox 978 2807 1048 2878; x_wconf 90' lang='lat' dir='ltr'>quo</span> <span class='ocrx_word' id='word_1_136' title='bbox 1074 2808 1235 2879; x_wconf 87' lang='lat' dir='ltr'>quaeque</span> <span class='ocrx_word' id='word_1_137' title='bbox 1262 2792 1395 2859; x_wconf 90' lang='lat' dir='ltr'>creatae</span> 
     </span>
     <span class='ocr_line' id='line_1_22' title="bbox 313 2896 1132 2993; baseline -0.002 -22"><span class='ocrx_word' id='word_1_138' title='bbox 313 2898 400 2971; x_wconf 74' lang='lat' dir='ltr'>aeris</span> <span class='ocrx_word' id='word_1_139' title='bbox 426 2897 462 2968; x_wconf 94' lang='lat' dir='ltr'>in</span> <span class='ocrx_word' id='word_1_140' title='bbox 489 2904 623 2969; x_wconf 90' lang='lat' dir='ltr'>teneras</span> <span class='ocrx_word' id='word_1_141' title='bbox 648 2896 780 2993; x_wconf 87' lang='lat' dir='ltr'>possint</span> <span class='ocrx_word' id='word_1_142' title='bbox 805 2896 989 2993; x_wconf 88' lang='lat' dir='ltr'>proferrier</span> <span class='ocrx_word' id='word_1_143' title='bbox 1015 2923 1132 2970; x_wconf 88' lang='lat' dir='ltr'>auras.</span> 
     </span>
    </p>

    <p class='ocr_par' dir='ltr' id='par_1_6' title="bbox 314 3012 1231 3111">
     <span class='ocr_line' id='line_1_23' title="bbox 314 3012 1231 3111; baseline 0 -25"><span class='ocrx_word' id='word_1_144' title='bbox 314 3022 487 3111; x_wconf 89' lang='lat' dir='ltr'>postremo</span> <span class='ocrx_word' id='word_1_145' title='bbox 512 3012 679 3109; x_wconf 91' lang='lat' dir='ltr'>quoniam</span> <span class='ocrx_word' id='word_1_146' title='bbox 706 3012 848 3084; x_wconf 89' lang='lat' dir='ltr'>incultis</span> <span class='ocrx_word' id='word_1_147' title='bbox 875 3020 1046 3109; x_wconf 89' lang='lat' dir='ltr'>praestare</span> <span class='ocrx_word' id='word_1_148' title='bbox 1072 3014 1231 3087; x_wconf 91' lang='lat' dir='ltr'>videmus</span> 
     </span>
    </p>

    <p class='ocr_par' dir='ltr' id='par_1_7' title="bbox 314 3128 1240 3216">
     <span class='ocr_line' id='line_1_24' title="bbox 314 3128 1240 3216; baseline 0.002 -15"><span class='ocrx_word' id='word_1_149' title='bbox 314 3130 408 3202; x_wconf 89' lang='lat' dir='ltr'>culta</span> <span class='ocrx_word' id='word_1_150' title='bbox 434 3128 507 3200; x_wconf 90' lang='lat' dir='ltr'>loca</span> <span class='ocrx_word' id='word_1_151' title='bbox 534 3136 568 3200; x_wconf 90' lang='lat' dir='ltr'>et</span> <span class='ocrx_word' id='word_1_152' title='bbox 594 3129 757 3200; x_wconf 90' lang='lat' dir='ltr'>manibus</span> <span class='ocrx_word' id='word_1_153' title='bbox 783 3128 936 3201; x_wconf 90' lang='lat' dir='ltr'>melioris</span> <span class='ocrx_word' id='word_1_154' title='bbox 961 3129 1106 3201; x_wconf 90' lang='lat' dir='ltr'>reddere</span> <span class='ocrx_word' id='word_1_155' title='bbox 1132 3130 1240 3216; x_wconf 83' lang='grc'><strong>11111,</strong></span> 
     </span>
    </p>
   </div>
   <div class='ocr_carea' id='block_1_3' title="bbox 219 3283 422 3293">
    <p class='ocr_par' dir='ltr' id='par_1_8' title="bbox 219 3283 422 3293">
     <span class='ocr_line' id='line_1_25' title="bbox 219 3283 422 3293; baseline -0.015 0"><span class='ocrx_word' id='word_1_156' title='bbox 219 3283 422 3293; x_wconf 77' lang='grc'>.----</span> 
     </span>
    </p>
   </div>
   <div class='ocr_carea' id='block_1_4' title="bbox 218 3396 1459 4534">
    <p class='ocr_par' dir='ltr' id='par_1_9' title="bbox 218 3396 1459 4534">
     <span class='ocr_line' id='line_1_26' title="bbox 264 3396 1459 3474; baseline 0.004 -17"><span class='ocrx_word' id='word_1_157' title='bbox 264 3396 326 3459; x_wconf 87' lang='grc'><strong>186.</strong></span> <span class='ocrx_word' id='word_1_158' title='bbox 364 3403 511 3474; x_wconf 76' lang='lat' dir='ltr'>insontibu&#39;.</span> <span class='ocrx_word' id='word_1_159' title='bbox 549 3401 604 3454; x_wconf 89' lang='lat' dir='ltr'>Cic.</span> <span class='ocrx_word' id='word_1_160' title='bbox 633 3401 731 3453; x_wconf 84' lang='lat' dir='ltr'>Orator</span> <span class='ocrx_word' id='word_1_161' title='bbox 758 3402 826 3453; x_wconf 79' lang='lat'>161:</span> <span class='ocrx_word' id='word_1_162' title='bbox 849 3403 936 3469; x_wconf 55' lang='lat' dir='ltr'>siquod</span> <span class='ocrx_word' id='word_1_163' title='bbox 958 3405 1012 3455; x_wconf 89' lang='lat' dir='ltr'>iarn</span> <span class='ocrx_word' id='word_1_164' title='bbox 1032 3406 1218 3458; x_wconf 87' lang='lat' dir='ltr'>subrusticum</span> <span class='ocrx_word' id='word_1_165' title='bbox 1238 3396 1355 3473; x_wconf 68' lang='lat' dir='ltr'>videtur,</span> <span class='ocrx_word' id='word_1_166' title='bbox 1374 3411 1459 3463; x_wconf 54' lang='lat' dir='ltr'>olim¹</span> 
     </span>
     <span class='ocr_line' id='line_1_27' title="bbox 218 3492 1445 3564; baseline 0.002 -14"><span class='ocrx_word' id='word_1_167' title='bbox 218 3502 309 3551; x_wconf 86' lang='lat' dir='ltr'>autem</span> <span class='ocrx_word' id='word_1_168' title='bbox 331 3495 452 3564; x_wconf 81' lang='lat' dir='ltr'>politius,</span> <span class='ocrx_word' id='word_1_169' title='bbox 472 3508 565 3544; x_wconf 90' lang='lat' dir='ltr'>eorum</span> <span class='ocrx_word' id='word_1_170' title='bbox 587 3492 741 3552; x_wconf 88' lang='lat' dir='ltr'>verborum,</span> <span class='ocrx_word' id='word_1_171' title='bbox 756 3507 874 3558; x_wconf 90' lang='lat' dir='ltr'>quorum</span> <span class='ocrx_word' id='word_1_172' title='bbox 885 3493 994 3544; x_wconf 86' lang='lat' dir='ltr'>eaedem</span> <span class='ocrx_word' id='word_1_173' title='bbox 1006 3499 1084 3546; x_wconf 86' lang='lat' dir='ltr'>erant</span> <span class='ocrx_word' id='word_1_174' title='bbox 1095 3501 1245 3563; x_wconf 83' lang='lat' dir='ltr'>postremae</span> <span class='ocrx_word' id='word_1_175' title='bbox 1256 3498 1325 3550; x_wconf 88' lang='lat' dir='ltr'>duae</span> <span class='ocrx_word' id='word_1_176' title='bbox 1337 3500 1445 3553; x_wconf 86' lang='lat' dir='ltr'>litterae</span> 
     </span>
     <span class='ocr_line' id='line_1_28' title="bbox 219 3580 1445 3656; baseline 0.002 -18"><span class='ocrx_word' id='word_1_177' title='bbox 219 3602 290 3655; x_wconf 89' lang='lat' dir='ltr'>quae</span> <span class='ocrx_word' id='word_1_178' title='bbox 314 3589 379 3637; x_wconf 78' lang='lat' dir='ltr'>sunt</span> <span class='ocrx_word' id='word_1_179' title='bbox 398 3585 426 3634; x_wconf 93' lang='lat' dir='ltr'>in</span> <span class='ocrx_word' id='word_1_180' title='bbox 447 3590 570 3648; x_wconf 82' lang='lat' dir='ltr'>optumus,</span> <span class='ocrx_word' id='word_1_181' title='bbox 591 3585 753 3647; x_wconf 86' lang='lat' dir='ltr'>postremam</span> <span class='ocrx_word' id='word_1_182' title='bbox 774 3580 893 3631; x_wconf 87' lang='lat' dir='ltr'>litteram</span> <span class='ocrx_word' id='word_1_183' title='bbox 914 3581 1104 3646; x_wconf 85' lang='lat' dir='ltr'>detrahebant,</span> <span class='ocrx_word' id='word_1_184' title='bbox 1124 3587 1177 3637; x_wconf 89' lang='lat' dir='ltr'>uisi</span> <span class='ocrx_word' id='word_1_185' title='bbox 1197 3587 1299 3639; x_wconf 88' lang='lat' dir='ltr'>vocalis</span> <span class='ocrx_word' id='word_1_186' title='bbox 1319 3589 1445 3656; x_wconf 89' lang='lat' dir='ltr'>inseque-</span> 
     </span>
     <span class='ocr_line' id='line_1_29' title="bbox 220 3671 1445 3744; baseline 0.002 -14"><span class='ocrx_word' id='word_1_187' title='bbox 220 3677 310 3730; x_wconf 80' lang='lat' dir='ltr'>batur,</span> <span class='ocrx_word' id='word_1_188' title='bbox 348 3675 389 3727; x_wconf 92' lang='lat' dir='ltr'>Ita</span> <span class='ocrx_word' id='word_1_189' title='bbox 408 3689 462 3725; x_wconf 91' lang='lat' dir='ltr'>non</span> <span class='ocrx_word' id='word_1_190' title='bbox 483 3676 541 3723; x_wconf 90' lang='lat' dir='ltr'>erat</span> <span class='ocrx_word' id='word_1_191' title='bbox 559 3687 591 3722; x_wconf 86' lang='lat' dir='ltr'>ea</span> <span class='ocrx_word' id='word_1_192' title='bbox 610 3671 724 3722; x_wconf 84' lang='lat' dir='ltr'>offensio</span> <span class='ocrx_word' id='word_1_193' title='bbox 743 3671 771 3720; x_wconf 92' lang='lat' dir='ltr'>iu</span> <span class='ocrx_word' id='word_1_194' title='bbox 792 3672 925 3733; x_wconf 86' lang='lat' dir='ltr'>versibus,</span> <span class='ocrx_word' id='word_1_195' title='bbox 944 3688 1027 3739; x_wconf 84' lang='lat' dir='ltr'>quarn</span> <span class='ocrx_word' id='word_1_196' title='bbox 1048 3691 1121 3725; x_wconf 93' lang='lat' dir='ltr'>nuuc</span> <span class='ocrx_word' id='word_1_197' title='bbox 1140 3677 1254 3744; x_wconf 88' lang='lat' dir='ltr'>fugiunt</span> <span class='ocrx_word' id='word_1_198' title='bbox 1264 3683 1359 3744; x_wconf 86' lang='lat' dir='ltr'>poetae</span> <span class='ocrx_word' id='word_1_199' title='bbox 1371 3681 1445 3732; x_wconf 89' lang='lat' dir='ltr'>novi.</span> 
     </span>
     <span class='ocr_line' id='line_1_30' title="bbox 221 3759 1446 3833; baseline -0.003 -16"><span class='ocrx_word' id='word_1_200' title='bbox 221 3767 262 3818; x_wconf 86' lang='lat' dir='ltr'>ltu</span> <span class='ocrx_word' id='word_1_201' title='bbox 281 3766 354 3817; x_wconf 89' lang='lat' dir='ltr'>euim</span> <span class='ocrx_word' id='word_1_202' title='bbox 374 3762 560 3830; x_wconf 87' lang='lat' dir='ltr'>loquebantur</span> <span class='ocrx_word' id='word_1_203' title='bbox 578 3759 624 3827; x_wconf 82' lang='lat' dir='ltr'>qui</span> <span class='ocrx_word' id='word_1_204' title='bbox 640 3768 675 3810; x_wconf 75' lang='lat' dir='ltr'>eat</span> <span class='ocrx_word' id='word_1_205' title='bbox 693 3759 801 3810; x_wconf 70' lang='lat' dir='ltr'>arcaida*</span> <span class='ocrx_word' id='word_1_206' title='bbox 817 3760 937 3827; x_wconf 77' lang='lat' dir='ltr'>princeps</span> <span class='ocrx_word' id='word_1_207' title='bbox 956 3777 1011 3813; x_wconf 90' lang='lat' dir='ltr'>non</span> <span class='ocrx_word' id='word_1_208' title='bbox 1030 3763 1144 3814; x_wconf 81' lang='lat' dir='ltr'>erunibus</span> <span class='ocrx_word' id='word_1_209' title='bbox 1159 3765 1279 3833; x_wconf 82' lang='lat' dir='ltr'>princeps</span> <span class='ocrx_word' id='word_1_210' title='bbox 1298 3772 1324 3818; x_wconf 85' lang='lat' dir='ltr'>et</span> <span class='ocrx_word' id='word_1_211' title='bbox 1338 3768 1390 3818; x_wconf 80' lang='lat' dir='ltr'>vita</span> <span class='ocrx_word' id='word_1_212' title='bbox 1400 3768 1446 3819; x_wconf 82' lang='lat' dir='ltr'>illa</span> 
     </span>
     <span class='ocr_line' id='line_1_31' title="bbox 221 3846 1446 3924; baseline 0.001 -19"><span class='ocrx_word' id='word_1_213' title='bbox 221 3854 308 3921; x_wconf 68' lang='lat' dir='ltr'>dignu*</span> <span class='ocrx_word' id='word_1_214' title='bbox 329 3853 428 3919; x_wconf 84' lang='lat' dir='ltr'>locoque</span> <span class='ocrx_word' id='word_1_215' title='bbox 448 3865 502 3901; x_wconf 91' lang='lat' dir='ltr'>uon</span> <span class='ocrx_word' id='word_1_216' title='bbox 518 3848 635 3916; x_wconf 65' lang='lat' dir='ltr'>dignus.”</span> <span class='ocrx_word' id='word_1_217' title='bbox 674 3848 769 3899; x_wconf 82' lang='lat' dir='ltr'>Cicero</span> <span class='ocrx_word' id='word_1_218' title='bbox 779 3846 846 3898; x_wconf 88' lang='lat' dir='ltr'>dicit</span> <span class='ocrx_word' id='word_1_219' title='bbox 856 3847 975 3900; x_wconf 87' lang='lat' dir='ltr'>litteram</span> <span class='ocrx_word' id='word_1_220' title='bbox 986 3850 1069 3903; x_wconf 86' lang='lat' dir='ltr'>Snon</span> <span class='ocrx_word' id='word_1_221' title='bbox 1077 3854 1269 3919; x_wconf 83' lang='lat' dir='ltr'>pronuntiatam</span> <span class='ocrx_word' id='word_1_222' title='bbox 1280 3871 1337 3907; x_wconf 87' lang='lat' dir='ltr'>esse</span> <span class='ocrx_word' id='word_1_223' title='bbox 1347 3874 1354 3918; x_wconf 81' lang='lat'><em>3</em></span> <span class='ocrx_word' id='word_1_224' title='bbox 1364 3858 1446 3924; x_wconf 88' lang='lat' dir='ltr'>scrip-</span> 
     </span>
     <span class='ocr_line' id='line_1_32' title="bbox 223 3936 1446 4012; baseline 0.002 -18"><span class='ocrx_word' id='word_1_225' title='bbox 223 3944 289 3994; x_wconf 89' lang='lat' dir='ltr'>sisse</span> <span class='ocrx_word' id='word_1_226' title='bbox 309 3947 400 3993; x_wconf 86' lang='lat' dir='ltr'>tamen</span> <span class='ocrx_word' id='word_1_227' title='bbox 420 3955 478 3990; x_wconf 91' lang='lat' dir='ltr'>eam</span> <span class='ocrx_word' id='word_1_228' title='bbox 499 3937 654 3988; x_wconf 85' lang='lat' dir='ltr'>Lucretium</span> <span class='ocrx_word' id='word_1_229' title='bbox 675 3937 732 3987; x_wconf 84' lang='lat' dir='ltr'>veri</span> <span class='ocrx_word' id='word_1_230' title='bbox 752 3936 841 3987; x_wconf 90' lang='lat' dir='ltr'>simile</span> <span class='ocrx_word' id='word_1_231' title='bbox 861 3942 916 3998; x_wconf 88' lang='lat' dir='ltr'>est;</span> <span class='ocrx_word' id='word_1_232' title='bbox 938 3953 1001 3988; x_wconf 91' lang='lat' dir='ltr'>uam</span> <span class='ocrx_word' id='word_1_233' title='bbox 1021 3943 1048 3990; x_wconf 85' lang='lat' dir='ltr'>et</span> <span class='ocrx_word' id='word_1_234' title='bbox 1066 3944 1247 4009; x_wconf 86' lang='lat' dir='ltr'>uranuscripti</span> <span class='ocrx_word' id='word_1_235' title='bbox 1267 3944 1322 3995; x_wconf 89' lang='lat' dir='ltr'>sere</span> <span class='ocrx_word' id='word_1_236' title='bbox 1344 3945 1446 4012; x_wconf 89' lang='lat' dir='ltr'>ubique</span> 
     </span>
     <span class='ocr_line' id='line_1_33' title="bbox 223 4020 1446 4098; baseline -0.002 -16"><span class='ocrx_word' id='word_1_237' title='bbox 223 4038 249 4083; x_wconf 86' lang='lat' dir='ltr'>et</span> <span class='ocrx_word' id='word_1_238' title='bbox 277 4029 457 4098; x_wconf 75' lang='lat' dir='ltr'>grammatici,</span> <span class='ocrx_word' id='word_1_239' title='bbox 486 4027 533 4094; x_wconf 89' lang='lat' dir='ltr'>qui</span> <span class='ocrx_word' id='word_1_240' title='bbox 563 4026 613 4077; x_wconf 89' lang='lat' dir='ltr'>hoc</span> <span class='ocrx_word' id='word_1_241' title='bbox 641 4027 701 4093; x_wconf 88' lang='lat' dir='ltr'>ipso</span> <span class='ocrx_word' id='word_1_242' title='bbox 730 4041 809 4076; x_wconf 87' lang='lat' dir='ltr'>versu</span> <span class='ocrx_word' id='word_1_243' title='bbox 839 4042 886 4092; x_wconf 89' lang='lat' dir='ltr'>pro</span> <span class='ocrx_word' id='word_1_244' title='bbox 906 4027 1033 4094; x_wconf 89' lang='lat' dir='ltr'>exemplo</span> <span class='ocrx_word' id='word_1_245' title='bbox 1053 4034 1177 4092; x_wconf 86' lang='lat' dir='ltr'>utuntur,</span> <span class='ocrx_word' id='word_1_246' title='bbox 1194 4038 1346 4084; x_wconf 88' lang='lat' dir='ltr'>servarunt.</span> <span class='ocrx_word' id='word_1_247' title='bbox 1384 4020 1446 4084; x_wconf 87' lang='grc'><strong>187.</strong></span> 
     </span>
     <span class='ocr_line' id='line_1_34' title="bbox 223 4108 1448 4185; baseline 0.003 -15"><span class='ocrx_word' id='word_1_248' title='bbox 223 4118 524 4177; x_wconf 75' lang='grc'><strong>111111111111111111,</strong></span> <span class='ocrx_word' id='word_1_249' title='bbox 544 4115 769 4182; x_wconf 87' lang='lat' dir='ltr'>quaeformoiu</span> <span class='ocrx_word' id='word_1_250' title='bbox 790 4114 979 4166; x_wconf 86' lang='lat' dir='ltr'>hexametrum</span> <span class='ocrx_word' id='word_1_251' title='bbox 1000 4133 1054 4169; x_wconf 92' lang='lat' dir='ltr'>non</span> <span class='ocrx_word' id='word_1_252' title='bbox 1070 4119 1196 4185; x_wconf 88' lang='lat' dir='ltr'>quadrat.</span> <span class='ocrx_word' id='word_1_253' title='bbox 1233 4108 1296 4171; x_wconf 92' lang='grc'><strong>190.</strong></span> <span class='ocrx_word' id='word_1_254' title='bbox 1340 4139 1448 4174; x_wconf 80' lang='lat' dir='ltr'>crescen-</span> 
     </span>
     <span class='ocr_line' id='line_1_35' title="bbox 223 4192 1448 4278; baseline 0 -19"><span class='ocrx_word' id='word_1_255' title='bbox 223 4217 303 4275; x_wconf 77' lang='lat' dir='ltr'>resque</span> <span class='ocrx_word' id='word_1_256' title='bbox 322 4222 357 4257; x_wconf 92' lang='lat' dir='ltr'>sc.</span> <span class='ocrx_word' id='word_1_257' title='bbox 378 4221 419 4256; x_wconf 91' lang='lat' dir='ltr'>res</span> <span class='ocrx_word' id='word_1_258' title='bbox 438 4203 520 4271; x_wconf 79' lang='lat'>(184).</span> <span class='ocrx_word' id='word_1_259' title='bbox 558 4202 613 4255; x_wconf 84' lang='lat' dir='ltr'>Cir.</span> <span class='ocrx_word' id='word_1_260' title='bbox 633 4204 666 4255; x_wconf 89' lang='lat' dir='ltr'>ad</span> <span class='ocrx_word' id='word_1_261' title='bbox 686 4204 711 4265; x_wconf 91' lang='lat'>1,</span> <span class='ocrx_word' id='word_1_262' title='bbox 732 4204 791 4255; x_wconf 83' lang='lat'>592.</span> <span class='ocrx_word' id='word_1_263' title='bbox 830 4192 893 4253; x_wconf 82' lang='grc'><strong>194.</strong></span> <span class='ocrx_word' id='word_1_264' title='bbox 931 4208 1204 4275; x_wconf 71' lang='lat' dir='ltr'>secretaleprivata.</span> <span class='ocrx_word' id='word_1_265' title='bbox 1242 4197 1293 4260; x_wconf 86' lang='grc'>196</span> <span class='ocrx_word' id='word_1_266' title='bbox 1313 4227 1353 4278; x_wconf 92' lang='lat' dir='ltr'>sq.</span> <span class='ocrx_word' id='word_1_267' title='bbox 1391 4210 1448 4264; x_wconf 74' lang='lat' dir='ltr'>Cir,</span> 
     </span>
     <span class='ocr_line' id='line_1_36' title="bbox 224 4280 1448 4358; baseline 0.007 -12"><span class='ocrx_word' id='word_1_268' title='bbox 224 4296 249 4358; x_wconf 83' lang='lat'>2,</span> <span class='ocrx_word' id='word_1_269' title='bbox 269 4294 400 4347; x_wconf 80' lang='lat' dir='ltr'>sss-99.</span> <span class='ocrx_word' id='word_1_270' title='bbox 438 4280 499 4343; x_wconf 89' lang='grc'><strong>197.</strong></span> <span class='ocrx_word' id='word_1_271' title='bbox 537 4311 561 4343; x_wconf 85' lang='lat' dir='ltr'>a.</span> <span class='ocrx_word' id='word_1_272' title='bbox 581 4311 603 4343; x_wconf 86' lang='grc'>1.</span> <span class='ocrx_word' id='word_1_273' title='bbox 623 4309 643 4343; x_wconf 87' lang='lat' dir='ltr'>e.</span> <span class='ocrx_word' id='word_1_274' title='bbox 663 4311 685 4343; x_wconf 82' lang='grc'>1.</span> <span class='ocrx_word' id='word_1_275' title='bbox 705 4293 1448 4354; x_wconf 70' lang='grc'><strong>11.1111111111111111111111111111111111111111111111111</strong></span> 
     </span>
     <span class='ocr_line' id='line_1_37' title="bbox 224 4370 1449 4456; baseline 0.004 -19"><span class='ocrx_word' id='word_1_276' title='bbox 224 4400 280 4437; x_wconf 88' lang='lat' dir='ltr'>esse</span> <span class='ocrx_word' id='word_1_277' title='bbox 301 4383 433 4436; x_wconf 84' lang='lat' dir='ltr'>videmus.</span> <span class='ocrx_word' id='word_1_278' title='bbox 470 4370 546 4432; x_wconf 84' lang='lat'><strong>202·</strong></span> <span class='ocrx_word' id='word_1_279' title='bbox 585 4399 690 4432; x_wconf 74' lang='grc'><strong>1111.</strong></span> <span class='ocrx_word' id='word_1_280' title='bbox 728 4381 800 4433; x_wconf 88' lang='grc' dir='ltr'><strong>Η111</strong></span> <span class='ocrx_word' id='word_1_281' title='bbox 819 4383 902 4433; x_wconf 86' lang='grc'><strong>111111</strong></span> <span class='ocrx_word' id='word_1_282' title='bbox 922 4386 1079 4448; x_wconf 88' lang='lat' dir='ltr'>verborum,</span> <span class='ocrx_word' id='word_1_283' title='bbox 1099 4402 1215 4453; x_wconf 88' lang='lat' dir='ltr'>quorum</span> <span class='ocrx_word' id='word_1_284' title='bbox 1237 4390 1325 4456; x_wconf 85' lang='lat' dir='ltr'>prima</span> <span class='ocrx_word' id='word_1_285' title='bbox 1339 4389 1449 4456; x_wconf 84' lang='lat' dir='ltr'>syllaba</span> 
     </span>
     <span class='ocr_line' id='line_1_38' title="bbox 223 4469 1022 4534; baseline -0.005 -7"><span class='ocrx_word' id='word_1_286' title='bbox 223 4472 319 4528; x_wconf 86' lang='lat' dir='ltr'>eadem</span> <span class='ocrx_word' id='word_1_287' title='bbox 339 4478 389 4534; x_wconf 89' lang='lat' dir='ltr'>est,</span> <span class='ocrx_word' id='word_1_288' title='bbox 409 4471 513 4524; x_wconf 83' lang='lat' dir='ltr'>indicat</span> <span class='ocrx_word' id='word_1_289' title='bbox 531 4470 701 4524; x_wconf 88' lang='lat' dir='ltr'>saeculorum</span> <span class='ocrx_word' id='word_1_290' title='bbox 723 4469 896 4522; x_wconf 86' lang='lat' dir='ltr'>volventium</span> <span class='ocrx_word' id='word_1_291' title='bbox 916 4476 1022 4527; x_wconf 76' lang='lat' dir='ltr'>seriem.</span> 
     </span>
    </p>
   </div>
   <div class='ocr_carea' id='block_1_5' title="bbox 0 0 1589 5034">
    <p class='ocr_par' dir='ltr' id='par_1_10' title="bbox 0 0 1589 5034">
     <span class='ocr_line' id='line_1_39' title="bbox 0 0 1589 5034; baseline 0 0"><span class='ocrx_word' id='word_1_292' title='bbox 0 0 1589 5034; x_wconf 95' lang='lat' dir='ltr'> </span> 
     </span>
    </p>
   </div>
  </div>
 </body>
</html>
