3106 5034
1370 269 1389 341 5

166 484 271 546 tempus
302 477 487 545 praeteritum,
517 475 590 542 quod
611 480 651 527 est
670 475 819 536 infinitum,
839 475 894 526 iam
914 489 945 526 eo
966 471 1074 525 redacta
1093 473 1190 534 forent,
1212 477 1241 523 ut
1260 487 1302 523 res
1321 473 1394 522 intra

165 572 267 618 certum
297 568 427 633 temporis
455 567 573 634 spatium
603 566 677 616 refici
706 581 761 617 non
783 568 901 632 possent.
940 564 992 614 Res
1011 565 1085 614 enim
1104 563 1185 613 citius
1204 561 1394 614 dissolvuntur

165 673 246 724 quam
267 657 435 708 reficiuntur.

200 747 293 797 Tertia
320 747 402 796 series
430 745 553 796 565-98
580 746 702 797 continet
726 745 779 795 tria
806 747 970 811 argumenta
998 740 1119 808 physica,
1148 740 1250 806 quibus
1276 739 1340 804 Luc.
1359 754 1393 790 ex

165 851 293 903 corporea
313 839 413 885 natura
432 837 459 885 et
477 834 611 900 qualitate
631 850 722 884 rernm
742 849 772 884 ac
793 831 1004 900 primordiorum
1025 830 1221 881 ratiocinatur:

202 925 226 975 6.
265 922 318 973 huc
338 921 450 984 accedit,
469 921 601 984 565--76,
622 927 653 972 ut
671 938 706 973 ex
725 921 820 973 solidis
840 920 1000 987 corporibus
1018 919 1142 970 admixto
1153 919 1229 970 inani
1240 933 1295 970 non
1306 916 1394 969 solum

167 1029 256 1063 rorum
287 1013 327 1062 vis
356 1010 401 1062 sed
431 1013 513 1062 etiam
542 1010 673 1062 mollities
693 1010 772 1061 facile
793 1010 964 1077 explicatum
984 1013 1125 1061 utcontra
1145 1023 1179 1059 ex
1204 1007 1335 1059 mollibus
1355 1007 1396 1057 vis

167 1117 222 1153 non
243 1105 346 1168 potest;
366 1099 439 1151 unde
460 1098 608 1167 primordia
627 1116 681 1152 non
702 1099 799 1152 mollia
817 1098 864 1151 sed
883 1097 972 1150 solida
991 1114 1048 1150 esse
1067 1097 1217 1165 colligitur.
1238 1097 1265 1164 1)

203 1190 227 1240 7.
265 1204 345 1257 porro
373 1188 495 1239 577-83
524 1205 558 1240 ex
587 1205 627 1251 eo,
655 1188 729 1254 quod
758 1204 793 1239 ex
821 1192 932 1239 aeterno
959 1190 1080 1255 tempore
1109 1203 1182 1237 nnnc
1207 1187 1288 1238 etiam
1314 1202 1396 1254 super

167 1285 240 1341 sunt,
260 1283 374 1346 apparet
394 1279 605 1346 primordiorum
625 1283 753 1330 naturam
773 1294 829 1330 non
848 1277 976 1345 fragilem
995 1274 1042 1327 sed
1061 1275 1177 1328 solidam
1197 1291 1263 1326 esse.

201 1369 226 1420 8.
263 1368 382 1435 denique
402 1367 533 1430 584-98,
553 1370 619 1435 quia
638 1384 728 1419 rerum
749 1383 850 1435 genera
869 1382 924 1419 non
949 1369 1100 1428 mutantur,
1121 1364 1271 1433 primordia
1281 1380 1391 1431 quoque

167 1457 355 1508 immutabilia
374 1473 431 1508 esse
451 1473 558 1508 necesse
579 1461 626 1508 est.

204 1547 308 1612 Quarta
327 1547 410 1597 series
429 1546 571 1597 599-634
590 1547 712 1598 continet
731 1547 783 1597 tria
802 1550 973 1613 argumenta,
993 1545 1095 1611 quibus
1106 1543 1238 1611 probatur
1249 1540 1398 1610 primordia

167 1651 224 1686 esse
252 1636 366 1685 minima
394 1650 515 1701 corpora,
544 1650 623 1701 quae,
651 1650 820 1701 quamquam
849 1638 939 1685 mente
967 1639 994 1685 et
1012 1635 1178 1701 cogitatione
1197 1632 1396 1696 discernantur,

171 1726 264 1791 frangi
284 1740 340 1775 non
360 1725 465 1790 possint
483 1722 530 1775 sed
550 1724 638 1776 solida
657 1725 729 1776 sint:

204 1813 228 1864 9.
267 1818 326 1863 tum
355 1827 436 1879 porro
465 1811 605 1863 sss-614
633 1815 747 1879 quaevis
776 1813 918 1881 primordii
944 1829 1006 1881 pars
1026 1817 1066 1864 est
1085 1818 1238 1864 extremum
1259 1827 1397 1873 cacumen,

128 1918 136 1936 ·
170 1902 244 1968 quod
273 1904 360 1969 igitur
388 1904 447 1954 sine
468 1901 591 1970 partibus
611 1906 638 1953 et
657 1903 801 1953 minimum
822 1907 879 1964 cst;
898 1919 987 1968 neque
1008 1917 1130 1968 unquam
1151 1917 1198 1968 per
1217 1916 1244 1952 se
1264 1904 1397 1952 secretum

171 2007 219 2042 nec
248 1993 302 2042 fuit
330 2007 378 2042 nec
407 1993 466 2052 erit,
495 1990 540 2042 sed
571 2007 618 2041 eae
637 1995 728 2057 partes
747 2007 781 2042 cx
801 1993 876 2043 omni
896 1992 1058 2042 aeternitate
1077 1992 1116 2042 ita
1134 1991 1207 2041 inter
1226 2005 1254 2041 se
1273 1989 1396 2051 haerent,

170 2085 200 2131 ut
219 2096 371 2146 numquam
391 2080 569 2130 divellantur.
606 2080 759 2131 Primordia
778 2081 865 2147 igitur
883 2079 972 2131 solida
991 2082 1056 2130 sunt
1075 2078 1260 2146 simplicitate.

204 2168 247 2219 10.
285 2172 424 2234 praeterea
456 2168 587 2230 615-27,
622 2169 675 2218 nisi
702 2170 754 2219 erit
787 2171 942 2230 minimum,
977 2167 1049 2218 nihil
1083 2168 1209 2219 intererit
1236 2168 1308 2217 inter
1337 2182 1394 2218 rem

170 2257 320 2306 maximam
340 2261 367 2307 et
386 2257 546 2318 minimam;
566 2271 683 2322 quarum
704 2258 777 2307 enirn
797 2261 913 2323 utraque
924 2272 958 2308 ex
969 2257 1078 2307 infinita
1089 2256 1208 2323 partium
1219 2254 1398 2306 multitudine

171 2345 315 2395 constabit.
353 2344 431 2409 Quod
451 2346 518 2411 quia
537 2344 696 2406 absurdum,
715 2345 892 2397 statuendum
911 2349 951 2397 est
970 2361 1026 2397 esse
1046 2345 1170 2406 minima,
1186 2345 1399 2411 quaequoniam

171 2438 244 2494 sunt,
264 2432 414 2500 primordia
433 2432 522 2485 solida
541 2436 606 2484 sunt
625 2436 651 2484 et
669 2437 788 2485 aeterna.

207 2522 250 2573 11.
287 2522 407 2588 deniqne
432 2521 563 2584 628-34,
592 2523 614 2572 si
644 2522 794 2589 primordia
813 2523 1003 2575 dividerentur
1021 2525 1051 2574 in
1071 2538 1133 2574 suas
1153 2525 1243 2589 partes
1262 2522 1399 2583 minimas,

172 2611 250 2662 nulla
270 2628 311 2662 res
332 2613 424 2673 fieret3
443 2611 494 2662 illa
513 2613 585 2663 enim
606 2613 729 2674 minima,
749 2613 851 2679 quihus
870 2614 936 2680 ipsis
948 2617 1103 2680 partesuon
1115 2615 1188 2673 eunt,
1200 2609 1400 2671 nonhaberent

173 2715 294 2751 conexus
314 2699 435 2765 pondera
454 2704 550 2763 cetera,
570 2716 640 2767 qnae
660 2702 682 2752 si
702 2702 804 2753 absunt
822 2702 902 2754 nulla
920 2718 963 2754 res
982 2703 1111 2752 reficitur.

208 2792 355 2838 635-920.
394 2788 551 2856 Quapropter
578 2789 638 2840 Luc.
667 2790 762 2857 refellit
788 2807 837 2853 eos,
866 2791 911 2858 qui
937 2799 981 2842 aut
1004 2791 1122 2842 elementa
1141 2796 1185 2839 aut
1203 2786 1400 2838 homoeomerian

171 2876 334 2927 excederent.

208 2969 356 3017 635—704.
394 2966 454 3017 Luc.
483 2983 567 3018 errore
594 2966 656 3017 dicu
673 2984 722 3031 eos,
742 2968 787 3035 qui
803 2969 935 3020 cauterium
953 2984 1035 3018 rerum
1054 2968 1136 3034 ignem
1154 2982 1205 3018 ease
1223 2965 1318 3027 dicuat,
1337 2965 1402 3015 inter

171 3070 231 3121 quoa
249 3063 284 3105 est
302 3054 456 3106 Heraclitus.
494 3057 581 3107 Nam:

207 3144 231 3194 1.
269 3144 392 3195 645-54
418 3146 510 3196 variae
539 3161 581 3196 res
610 3146 668 3196 fieri
688 3161 744 3196 non
764 3150 878 3212 possunt
897 3163 931 3198 ex
951 3147 1065 3197 materia
1084 3147 1174 3212 ignea,
1194 3143 1321 3210 quamvis
1340 3158 1401 3194 con·

170 3231 279 3283 densari
299 3249 359 3284 eam
378 3237 405 3284 et
424 3234 543 3285 rarefieri
563 3233 654 3296 dicas;
674 3235 789 3285 materia
808 3235 881 3285 enim
900 3239 941 3286 eet·
959 3233 1150 3284 immutabilis.

207 3322 231 3372 2.
268 3321 296 3372 id
316 3337 426 3388 quoqne
446 3322 585 3373 655-64:
606 3326 709 3390 negant
728 3338 785 3374 esse
804 3323 904 3385 inane;
923 3322 997 3390 quod
1019 3323 1071 3373 nisi
1092 3325 1221 3383 exstaret,
1240 3321 1400 3371 universum

173 3409 245 3460 nihil
264 3415 334 3462 esset
353 3412 405 3461 nisi
426 3427 512 3461 unum
532 3427 638 3478 corpus,
657 3411 685 3462 id
706 3409 780 3478 quod
801 3412 901 3462 falsum
920 3427 978 3464 esse
997 3410 1131 3462 videmus.

207 3498 232 3548 3.
270 3499 343 3565 quod
373 3501 395 3550 si
425 3499 548 3550 665-89
575 3501 645 3552 forte
674 3499 770 3551 dicunt
797 3501 907 3567 igneam
932 3500 1073 3551 materiam
1093 3499 1195 3549 mutari
1214 3498 1242 3548 in
1263 3496 1332 3548 alias
1352 3511 1402 3558 res,

174 3585 224 3636 hoc
245 3586 341 3637 dicunt
360 3604 402 3638 res
421 3604 435 3639 e
455 3587 544 3640 nihilo
564 3589 639 3650 tieri;
660 3590 730 3656 perit
749 3589 831 3650 enim,
851 3588 924 3655 qnod
944 3592 1076 3639 mutatur.
1096 3587 1122 3652 2)

206 3674 231 3724 4.
269 3691 349 3741 porro
369 3675 510 3727 soi-700
529 3693 589 3727 cum
610 3676 678 3729 dicit
697 3693 739 3729 res
758 3693 852 3730 omnes
871 3679 964 3745 ignem
984 3692 1050 3738 esse,
1070 3680 1165 3727 contra
1184 3689 1280 3725 sensus
1300 3689 1399 3741 repug-

173 3768 228 3823 nat,
249 3764 350 3829 quibus
371 3764 443 3815 nihil
462 3766 541 3817 nobis
561 3768 661 3818 certius
681 3770 729 3818 est.

210 3853 234 3902 5.
273 3858 421 3919 praeterea,
451 3854 564 3917 701-4,
593 3857 641 3922 qni
671 3856 764 3907 omnia
783 3855 857 3906 tollit
876 3859 903 3906 et
920 3856 1013 3922 ignem
1034 3852 1124 3905 solum
1144 3847 1287 3917 relinquit,
1307 3849 1402 3901 eodem

173 3940 234 3994 iure
264 3940 361 4010 ignem
383 3959 439 3995 esse
459 3949 542 4012 neget
561 3949 643 4011 atque
662 3943 749 3997 aliam
770 3943 902 4011 quamvis
922 3960 979 3995 rem
999 3939 1116 3994 existere
1136 3940 1228 3992 solam
1247 3937 1402 3991 contendat.

171 4032 269 4099 Aequa
289 4029 367 4084 enim
387 4038 457 4085 esset
475 4032 627 4086 dementia.

208 4124 356 4172 705-829.
395 4121 494 4174 Deinde
522 4123 654 4190 impugnor
680 4140 730 4186 ecs,
755 4123 800 4190 qui
822 4123 955 4174 trieterides
973 4138 1056 4174 rerum
1074 4137 1125 4172 esse
1139 4126 1263 4187 putarunt
1280 4123 1341 4169 oe'ra
1359 4124 1404 4168 out

207 4268 234 4334 1)
271 4268 329 4318 Nisi
350 4283 438 4334 aquae
457 4268 572 4318 materia
591 4265 680 4318 solida
699 4271 776 4329 esset,
796 4281 851 4331 qua
871 4266 897 4316 vi
918 4263 1058 4332 congelari
1078 4258 1189 4329 posset?

207 4339 234 4405 2)
271 4338 297 4388 Si
327 4354 369 4389 res
398 4343 521 4389 mutatur
549 4337 633 4405 (quod
664 4339 695 4388 sit
719 4338 895 4399 detractione,
915 4335 1064 4396 additione,
1084 4334 1243 4385 traiectione
1264 4329 1402 4398 partium),

171 4408 221 4460 illa
249 4409 361 4476 quidem
390 4411 469 4477 perit,
498 4411 528 4460 fit
556 4414 647 4460 tamen
675 4409 753 4460 alind
781 4408 857 4477 qnid.
895 4408 1008 4459 Materia
1033 4421 1106 4468 vero,
1126 4420 1196 4472 quae
1216 4402 1335 4471 simplex
1353 4405 1402 4465 est,

172 4483 272 4532 mutari
292 4498 347 4533 non
369 4485 459 4549 potest
477 4482 546 4547 quin
566 4481 647 4548 plane
667 4482 792 4533 intereat.
