3106 5034
209 510 335 586 eorpus
360 494 395 559 et
420 484 529 559 adrias
554 510 655 559 arnus
680 511 864 584 roremque
891 487 1054 583 liquoris,

209 603 261 674 nil
287 602 324 674 in
351 602 499 674 coneilio
526 612 684 674 naturam
713 610 753 674 ut
779 611 892 674 mutet
917 628 1058 687 eormn,

208 718 308 790 nulla
332 717 398 790 tibi
424 744 464 789 ex
491 717 561 789 illis
587 719 714 814 poterit
739 744 792 790 res
817 744 888 791 esse
915 727 1046 803 creata,

209 859 278 906 non
305 834 482 918 animans,
511 858 578 905 non
606 835 767 906 exanimo
793 860 874 906 cum
902 860 1062 932 corpore,
1090 843 1129 906 ut
1155 834 1273 907 arbos:

208 950 341 1047 quippe
367 973 464 1022 suam
492 950 646 1045 quicque
672 950 708 1021 in
735 967 835 1023 coetu
861 951 1025 1023 variantis
1050 951 1162 1022 acervi

209 1075 370 1137 naturam
396 1065 573 1150 ostendet,
601 1065 801 1163 mixtusque
828 1066 1005 1137 videbitur
1030 1073 1088 1137 a‘or

209 1206 290 1252 cum
316 1190 407 1253 terra
432 1180 538 1253 sirrmi
565 1191 670 1278 atque
696 1182 798 1254 ardor
824 1207 903 1253 cum
932 1207 1007 1254 roro
1035 1206 1192 1253 manere.

210 1305 243 1369 at
269 1297 463 1395 primordia
486 1298 679 1395 gignundis
706 1298 741 1369 in
768 1298 872 1369 rebus
898 1306 1033 1394 oportet

210 1423 372 1497 naturam
398 1415 648 1488 clandestinam
676 1440 885 1511 caecamque
912 1414 1097 1499 adhibere,

209 1530 362 1602 emineat
387 1556 431 1602 ne
457 1530 576 1633 quid,¹
592 1530 687 1627 qnod
714 1538 832 1602 contra
861 1538 994 1627 pugnet
1020 1538 1054 1602 ot
1079 1530 1191 1602 obstet

211 1672 281 1744 quo
307 1647 425 1719 minua
450 1673 521 1719 esse
547 1657 653 1744 queat
679 1648 818 1745 proprie
844 1648 1094 1744 quodcumque
1121 1656 1274 1718 creatur.

258 1762 355 1851 Quin
382 1763 488 1834 etiam
515 1773 677 1860 repetunt
703 1791 722 1836 a
748 1764 842 1836 caelo
868 1774 973 1860 atquo
999 1763 1142 1859 ignibus
1167 1764 1260 1847 eiua,
1414 1781 1440 1832 o.

210 1884 244 1948 et
269 1877 426 1975 primum
452 1878 587 1951 faciunt
612 1880 728 1977 ignem
756 1906 791 1952 se
817 1888 948 1951 vertere
974 1880 1010 1951 in
1037 1904 1138 1950 arnas

211 1992 316 2077 aeris,
344 1992 426 2065 hinc
452 1994 601 2067 imbrem
628 1995 744 2091 gigni,
772 2006 970 2091 tonumque
996 1995 1104 2067 creari

159 2127 170 2151 f
212 2133 252 2180 ex
278 2108 404 2194 imbri,
431 2120 593 2206 retroque
619 2136 638 2181 a
663 2122 752 2182 terra
780 2120 906 2183 cuncta
932 2111 1075 2195 revorti,

214 2248 372 2296 umorem
399 2226 574 2322 primum,
603 2234 679 2323 post
704 2234 801 2310 adra,
829 2226 957 2298 deindo
984 2227 1153 2311 calorem,

211 2364 274 2412 nec
300 2365 430 2413 cessare
457 2340 540 2413 haec
566 2343 717 2413 interae
745 2351 898 2427 mutare,
926 2368 1040 2413 rnoare

212 2482 231 2527 a
256 2456 351 2529 caelo
376 2454 420 2529 ad
447 2464 593 2543 terram,
621 2459 665 2531 de
690 2467 781 2530 terra
806 2459 850 2530 ad
877 2458 990 2530 sidera
1017 2458 1160 2530 mundi.

212 2571 304 2669 quod
333 2572 444 2644 facere
471 2572 566 2645 haud
595 2573 665 2645 ulio
692 2574 821 2646 debent
848 2573 1040 2670 primordia
1066 2585 1185 2670 pacto.

131 2700 173 2755 ito
210 2688 432 2760 immutabile
458 2690 550 2762 enim
579 2689 751 2786 quiddam
778 2714 941 2786 superare
967 2698 1153 2775 necessest,

212 2828 254 2876 ne
280 2828 334 2875 res
359 2803 403 2876 ad
430 2804 543 2876 nilum
571 2805 775 2902 redigantur
800 2805 961 2876 fundit-us
986 2831 1123 2877 omnes:

203 2944 293 3009 nam
320 2919 570 3017 quodcumque
596 2923 667 2992 suis
694 2929 867 2993 mutatum
897 2922 1027 2992 tinibus
1052 2921 1141 3005 enit,

212 3035 378 3107 contiuuo
405 3035 469 3108 hoc
496 3063 588 3108 mors
613 3048 664 3110 cst
690 3037 785 3109 illius
811 3037 906 3134 quod
933 3037 1001 3108 fuit
1027 3046 1125 3108 ante.

212 3159 424 3249 quapropter
449 3153 616 3248 quoniam
643 3179 733 3250 quae
759 3154 865 3251 paulo
892 3153 1045 3225 diximus
1072 3161 1151 3226 ante

108 3314 111 3319 -
158 3283 168 3296 '
211 3266 247 3337 in
274 3276 528 3340 commutatum
557 3269 721 3353 veniunt,
749 3275 903 3340 constare
930 3278 1098 3342 necessest

211 3407 252 3453 ex
278 3381 356 3454 aliis
381 3409 439 3469 on,
467 3409 556 3480 quae
583 3394 759 3481 nequount
785 3387 976 3459 convertier
1002 3412 1171 3483 usquam,

213 3522 256 3568 ne
282 3498 349 3570 tibi
375 3524 429 3570 res
455 3499 598 3572 redeant
624 3500 667 3572 ad
696 3501 808 3572 nilum
836 3502 998 3574 funditus
1024 3528 1162 3574 omnes,

212 3614 300 3709 quin
326 3615 443 3712 potius
469 3615 529 3687 tali
557 3625 681 3689 natura
706 3618 862 3715 praedita
889 3618 1060 3715 (praedam

212 3754 354 3826 corpora
381 3732 589 3818 constituas
616 3734 733 3829 ignem
761 3735 789 3805 si
816 3735 903 3806 forto
929 3735 1097 3818 crearint,

121 3859 169 3913 800
212 3870 309 3941 posse
335 3848 480 3933 eadem,
509 3849 661 3947 demptis
688 3850 808 3947 paucis
835 3850 1025 3947 paucisque
1052 3849 1211 3933 tributis,

211 3959 334 4034 ordine
361 3973 494 4037 mutato
519 3975 553 4037 et
580 3974 696 4050 motu,
724 3966 835 4038 facere
861 3966 948 4037 aeris
974 3990 1093 4051 auras,

120 4097 318 4109 ζ-

160 4176 234 4238 774.
273 4206 294 4241 e.
322 4206 344 4241 c.
372 4207 393 4240 c.
421 4195 462 4241 est
488 4191 654 4241 substantivi
684 4190 761 4251 loco;
790 4191 838 4240 cfr.
863 4190 942 4240 Ovid.
963 4191 1023 4240 Met.
1044 4190 1340 4257 1,21pap1aoant....

119 4278 174 4329 aine
194 4278 313 4346 pondere
332 4279 449 4330 habentia
464 4280 584 4346 pondus;
605 4280 661 4330 Liv.
681 4280 740 4341 3,ῑ11
762 4297 810 4329 eron
831 4279 940 4330 iurn'ores
960 4280 1041 4331 11111111.
1060 4280 1105 4330 sed
1123 4281 1243 4330 emeritis
1259 4281 1340 4330 etiarn

119 4367 260 4435 stipendiis
275 4377 377 4437 praesto
391 4368 476 4436 fuere.
523 4357 598 4419 782.
636 4378 748 4436 repetunt
765 4370 793 4437 (i.
813 4386 835 4421 e.
848 4371 957 4420 initium
969 4368 1083 4436 ducunt)
1095 4367 1340 4433 Heraclitusatqne

119 4470 177 4508 enm
196 4459 282 4511 secuti
301 4457 393 4510 Stoici.
440 4445 514 4507 788·
553 4460 660 4510 111111111111
690 4458 1044 4525 1115111111,1111111111111111.
1092 4445 1166 4505 794.
1204 4456 1340 4508 anteiit?-
