3106 5034
172 270 217 348 35

171 497 222 548 555
316 475 399 546 Huc
424 473 558 547 accedit
583 473 655 558 uti,
682 470 892 545 solidissima
918 469 1077 546 materiai
1138 569 1140 572 Ι

268 616 410 687 corpora
435 616 517 661 cum
543 597 711 674 constant,
740 589 872 686 possint
897 598 1013 661 tamen
1040 590 1159 662 omnia
1185 590 1286 662 reddi

268 705 387 778 mollia
412 706 636 802 quaetfinnt,
664 712 739 789 adr,
767 731 875 801 aqua,
904 714 1013 790 terra,
1041 731 1201 802 vaporeS,

252 846 337 918 ·quo
364 828 464 918 pacto
490 822 576 892 fiant
601 827 636 891 et
661 845 731 916 qua
757 820 789 890 vi
817 845 977 918 quaeque
1002 830 1185 917 gerantur,

267 936 463 1009 admixtum
490 934 658 1031 quoniam
685 935 791 1017 semel
817 945 867 1008 est
893 937 929 1008 in
957 936 1061 1008 rebus
1087 937 1212 1008 inane:

266 1061 301 1124 at
327 1063 446 1123 contra
471 1051 499 1122 si
526 1050 644 1122 mollia
671 1051 741 1123 sint
767 1051 960 1148 primordia
986 1044 1124 1137 rerum,

266 1167 361 1239 unde
387 1175 517 1263 queant
543 1166 651 1238 validi
677 1167 790 1239 silices
816 1168 1020 1263 ferrumque
1046 1169 1154 1240 creari

267 1308 335 1355 non
365 1282 491 1379 poterit
516 1283 604 1355 ratio
631 1282 749 1354 reddi:
778 1308 857 1355 nam
885 1283 1047 1355 funditus
1073 1284 1187 1355 omnis

266 1398 440 1496 principio
466 1398 687 1469 fundamenti
714 1406 838 1470 natura
864 1399 1012 1470 carebit.

265 1522 347 1586 sunt
372 1514 481 1610 igitur
506 1512 617 1585 solida
642 1513 809 1610 pollentia
835 1513 1078 1610 simplicitate,

186 1651 216 1676 ‘r
264 1653 416 1726 quornm
444 1628 617 1700 condenso
644 1629 754 1725 magis
779 1629 898 1700 omnia
923 1628 1112 1701 conciliatu

265 1745 370 1816 artari
397 1752 540 1841 possunt
567 1744 767 1841 validasque
793 1744 972 1815 ostendere
999 1745 1099 1816 viris.

264 1885 365 1956 porro
392 1860 420 1930 si
447 1859 575 1930 nullast
601 1860 801 1956 frangendis
826 1857 963 1930 reddita
989 1860 1068 1931 finis

263 1975 484 2072 corporibus,
511 1986 628 2047 tamen
655 2001 697 2047 ex
723 1983 862 2047 aeterno
888 1981 1044 2071 tempore
1071 2001 1232 2073 quaeque
1280 2017 1281 2020 ¹

263 2117 357 2163 nunc
384 2091 488 2162 etiam
515 2116 677 2188 superare
703 2101 871 2162 necessest
897 2115 1040 2187 corpora
1066 2092 1188 2177 rebuS,

263 2233 352 2305 quae
379 2207 536 2279 nondum
564 2206 703 2278 clueant
729 2205 802 2277 ullo
828 2214 997 2302 temptata
1023 2208 1172 2304 periclo:

262 2331 297 2395 at
322 2323 488 2418 quoniam
517 2321 631 2418 fragili
658 2330 782 2393 natura
808 2321 965 2418 praedita
992 2331 1168 2409 constant,

263 2438 435 2534 discrepat
461 2445 639 2509 aeternum
667 2448 807 2533 tempus
833 2437 985 2533 potuisse
1012 2463 1151 2511 manere

262 2553 582 2625 innumerabilibus
610 2553 719 2649 plagis
746 2560 866 2624 vexata
892 2577 953 2649 per
979 2578 1117 2625 aevom.

261 2669 414 2765 denique
441 2669 508 2740 iam
538 2669 703 2765 quoniam
731 2668 922 2765 generatim
950 2668 1088 2740 reddita
1114 2670 1193 2742 finis

162 2805 214 2856 585
260 2783 436 2857 crescendi
462 2784 566 2856 rebus
592 2792 725 2856 constat
750 2784 928 2880 vitamque
955 2785 1116 2870 tenendi,

259 2897 406 2996 etquid
433 2925 593 2997 quaeque
619 2907 749 2995 queant
775 2924 836 2995 per
862 2899 1001 2971 foedera
1026 2901 1183 2986 naturai,
1360 2995 1361 2998 Ἴ

261 3015 348 3112 quid
374 3040 476 3111 porro
502 3023 695 3110 nequeant,
722 3015 895 3085 sancitum
922 3015 1210 3111 quandoquidem
1238 3027 1349 3109 extat,

205 3330 279 3392 566.
316 3341 391 3393 reddi
407 3340 454 3407 (sc.
474 3336 619 3405 rationem)
637 3338 708 3405 sign.
728 3337 870 3405 explicari.
908 3338 1023 3390 Prorsus
1043 3339 1139 3391 codem
1159 3341 1241 3394 modo
1253 3342 1391 3410 Epicurus

160 3440 193 3492 ad
222 3440 285 3491 Her.
315 3441 364 3490 55:
398 3427 525 3512 βέλτιον
562 3424 603 3490 τὰ
636 3424 718 3490 κατὰ
753 3424 793 3490 τὰ
828 3426 927 3515 πάθη
952 3476 959 3491 .
986 3475 993 3490 .
1019 3476 1026 3491 .
1063 3420 1315 3519 ἀποδοθήσεται
1346 3444 1391 3497 i.e.

159 3537 382 3605 explicabuntur.
419 3533 476 3587 Cfr.
505 3533 591 3595 2179.
621 3532 697 3594 5197
717 3533 827 3584 reddere.
847 3533 927 3595 3,354
946 3535 1048 3602 adferet
1065 3552 1100 3588 sc.
1120 3539 1264 3590 rationem.
1312 3527 1388 3590 568.

158 3629 176 3678 i.
196 3643 218 3679 e.
229 3631 290 3677 cum
301 3641 356 3693 quo
367 3623 448 3676 modo
458 3622 575 3690 (mollia)
585 3626 718 3684 creentur,
729 3627 787 3673 tum
798 3639 854 3689 qua
865 3624 891 3673 vi
902 3639 1027 3692 quaeque
1039 3626 1114 3678 fiant.
1134 3626 1161 3679 Si
1175 3644 1289 3695 corpora
1299 3630 1389 3682 solida

158 3722 230 3779 sunt,
259 3722 315 3767 tam
345 3714 475 3766 mollities
495 3727 577 3778 quam
598 3727 690 3761 rerum
710 3712 750 3761 vis
770 3711 942 3779 explicatum
962 3715 1004 3764 siu
1027 3715 1122 3767 mollia
1142 3723 1215 3778 sunt,
1236 3734 1328 3770 rerum
1348 3721 1389 3771 vis

157 3806 290 3875 explicari
319 3820 373 3857 non
396 3808 491 3870 potest.
537 3787 613 3847 569.
649 3800 724 3850 semel
741 3800 784 3850 i.e.
804 3802 925 3863 omnino,
945 3819 996 3852 nun
1015 3803 1118 3867 elamat,
1138 3810 1169 3856 ut
1188 3805 1275 3868 1,4oo.
1313 3808 1388 3860 Idem

156 3912 294 3979 significat
314 3908 454 3960 interdum
476 3889 572 3974 ἅπαξ,
594 3905 679 3955 veluti
699 3902 772 3971 apud
793 3903 862 3955 Plat.
873 3905 953 3956 Polit.
969 3907 1019 3958 257
1031 3925 1060 3958 c:
1077 3893 1179 3979 ταῦτ’,
1192 3888 1216 3964 oi
1230 3903 1388 3990 Θεόδωρε,

155 4001 322 4085 ποιητέον,
357 3995 493 4079 ἐπείπερ
531 3986 619 4067 ἅπαξ
657 4012 689 4071 γε
724 3989 980 4078 ἐνεχειρήσαμεν.
1026 3999 1102 4061 571.
1139 4014 1209 4066 silice
1227 4017 1388 4068 sternebant

156 4112 272 4164 Romani
293 4113 358 4161 vias.
406 4096 481 4158 575.
518 4104 741 4173 eoepiscondenso.
777 4092 851 4161 579,
871 4122 990 4172 superare
1005 4109 1047 4159 i.e.
1061 4111 1387 4176 superessc,ut672.790.

156 4201 232 4262 2,751
253 4207 337 4266 atque
358 4200 455 4266 passim
468 4196 542 4264 apud
553 4196 670 4262 optimos
680 4195 835 4260 scriptores.
873 4181 931 4243 581
942 4226 949 4241 ·
987 4197 1106 4262 ‹paonione
1121 4207 1235 4249 constant
1244 4201 1287 4251 i.e.
1298 4202 1321 4251 si
1333 4203 1386 4253 lam

155 4294 297 4350 constent;
318 4290 368 4349 fac,
389 4294 419 4339 ut
437 4286 657 4338 adversariorum
677 4283 730 4333 fert
749 4283 853 4349 opinio,
872 4299 904 4334 ea
923 4290 1055 4336 constare.
1092 4285 1168 4337 Idem
1186 4289 1387 4356 sigmqaonr'ant

155 4379 243 4442 2,790.
262 4378 323 4429 817.
360 4363 436 4427 582.
463 4375 589 4441 discrepet
606 4373 649 4423 ie.
668 4387 725 4423 non
746 4373 883 4434 convenit,
903 4373 977 4424 haud
998 4379 1213 4428 consentaneum
1233 4383 1282 4430 est.
1311 4366 1386 4429 587.

159 4467 285 4520 sancitum
304 4467 391 4519 forma
410 4469 450 4518 est
468 4463 616 4514 rarissima.
