3106 5034
279 513 390 584 usque
429 487 533 572 adeo,
573 511 679 582 quem
714 484 864 582 quisque
890 482 1005 556 locum
1034 483 1203 580 possedit,
1231 482 1267 556 in
1293 483 1419 557 omnis

279 603 488 675 tantundem
516 601 624 698 partis
649 601 829 673 infinitum
857 626 960 673 omne
986 599 1173 697 relinquit.

280 727 456 816 praeterea
482 718 510 789 si
536 718 607 789 iarn
633 717 775 789 finitum
802 717 1033 789 constituatur

282 861 385 908 omne
411 834 505 932 qnod
533 843 583 906 est
608 833 781 930 spatium,
808 832 918 929 siquis
943 839 1124 929 procurrat
1149 832 1193 905 ad
1219 857 1295 904 oras

279 951 427 1024 ultimus
452 957 621 1022 extremas
646 949 818 1046 iaciatque
846 948 982 1021 volatile
1008 949 1138 1034 telum,

280 1067 317 1138 id
344 1066 468 1138 validis
493 1075 613 1137 utrum
641 1073 837 1137 contortum
866 1063 998 1136 viribus
1023 1065 1074 1136 ire

281 1209 352 1279 quo
377 1183 483 1255 fuerit
510 1182 653 1253 missum
682 1181 790 1252 mavis
816 1180 988 1277 longeque
1013 1181 1148 1265 volare,

282 1325 325 1371 an
354 1298 537 1397 prohibere
564 1297 700 1392 aliquid
726 1322 842 1368 censes
867 1297 1072 1392 obstareque
1099 1296 1220 1393 posse?

282 1415 488 1487 alterutrum
516 1412 653 1484 fatearis
679 1412 771 1483 enim
799 1437 986 1508 sumasque
1012 1422 1196 1483 necessest.

281 1557 430 1628 quorum
459 1538 653 1625 utrumqne
679 1528 745 1600 tibi
770 1526 941 1622 effugium
969 1527 1165 1623 praecludit
1189 1535 1224 1598 et
1250 1552 1357 1599 omne

283 1648 375 1745 cogit
403 1656 441 1718 ut
466 1654 625 1743 exempta
652 1644 820 1716 concedas
846 1644 915 1714 fine
941 1649 1076 1739 patere.

284 1788 365 1835 nam
391 1763 461 1834 sive
487 1770 537 1834 est
562 1761 689 1858 aliquit
715 1758 810 1856 quod
837 1758 981 1855 probeat
1007 1759 1204 1855 efficiatque

283 1905 354 1975 quo
380 1879 491 1951 minu'
519 1903 589 1975 quo
617 1877 760 1948 missum
787 1883 838 1946 est
863 1874 979 1945 veniat
1004 1874 1137 1970 finique
1163 1872 1252 1945 locet
1277 1898 1333 1958 se,

283 1996 353 2068 sive
379 1996 468 2066 foras
494 1995 621 2078 fertur,
650 2017 718 2063 non
746 1998 796 2063 est
821 2017 840 2062 a
866 1991 935 2061 fine
961 1989 1174 2086 profectum.
1327 1978 1328 1985 ἵ

284 2112 349 2183 hoc
375 2119 476 2207 pacto
502 2135 626 2205 sequar
652 2116 775 2205 atque,
803 2131 877 2177 oras
903 2104 1121 2200 ubicumque
1147 2104 1270 2176 locaris

285 2239 473 2312 extremas,
501 2252 666 2323 quaeram
694 2225 781 2322 quid
808 2222 876 2294 telo
903 2221 1056 2317 denique
1082 2221 1159 2291 fiat.

285 2346 344 2416 fiet
370 2343 423 2415 uti
449 2367 624 2438 nusquam
651 2341 757 2438 possit
783 2339 967 2412 consistere
993 2337 1091 2421 finio,

285 2459 527 2554 effugiumque
553 2457 655 2552 fugae
681 2455 829 2552 prolatet
854 2454 954 2550 eopia
980 2478 1133 2550 semper.

286 2581 462 2670 praeterea
487 2572 637 2668 spatium
667 2571 817 2642 summai
843 2571 950 2642 totius
976 2595 1079 2642 omne

286 2689 444 2786 undique
470 2689 498 2760 si
525 2689 701 2760 inclusum
727 2687 829 2760 certis
855 2686 1054 2758 consisteret
1079 2685 1147 2757 oris

287 2804 499 2900 finitumque
524 2805 629 2888 foret,
657 2804 725 2875 iam
754 2803 853 2899 copia
880 2801 1037 2873 materiai

288 2919 446 3015 undique
473 2919 686 3016 ponderibus
712 2918 831 2991 solidis
857 2919 1032 2991 confluxet
1057 2917 1102 2988 ad
1128 2917 1260 3000 imum,

288 3060 350 3106 nec
377 3060 429 3106 res
455 3034 528 3105 ulla
553 3035 626 3131 geri
652 3035 717 3106 sub
744 3035 829 3107 caeli
855 3034 1009 3131 tegmine
1035 3040 1166 3130 posset,

287 3175 350 3222 nec
376 3150 464 3221 foret
489 3151 632 3222 omnino
658 3151 794 3222 caelum
821 3175 934 3246 neque
961 3149 1096 3220 lumina
1122 3146 1220 3230 solis3

288 3265 421 3362 quippe
447 3266 510 3336 ubi
537 3267 697 3338 materies
722 3267 836 3338 omnis
861 3265 1040 3338 cumulata
1066 3265 1192 3335 iaceret

289 3407 329 3452 ex
355 3380 494 3453 infinito
520 3382 589 3453 iam
617 3390 772 3480 tempore
799 3380 1030 3454 subsidend0.

289 3506 324 3568 at
350 3522 463 3581 nunc,
491 3498 680 3582 nimirum,
708 3499 845 3595 requies
870 3498 950 3569 data
977 3496 1233 3594 principiorum

290 3614 493 3710 corporibus
519 3615 667 3701 nullast,
695 3616 778 3711 quia
804 3614 855 3685 nil
881 3624 931 3686 est
956 3612 1118 3684 funditus
1144 3611 1277 3694 imum,

293 3754 363 3825 quo
390 3730 489 3826 qnasi
516 3732 689 3802 confluere
715 3741 749 3803 et
774 3731 871 3803 sedes
896 3730 958 3801 ubi
985 3753 1112 3825 ponere
1139 3727 1292 3824 possint.

237 3907 313 3969 968.
350 3921 374 3972 si
392 3920 452 3970 ioan.
490 3917 546 3970 en.
565 3919 600 3970 ad
619 3919 679 3970 396.
726 3906 800 3967 977.
836 3920 941 3986 probent
959 3921 976 3969 i.
997 3935 1020 3969 e.
1041 3917 1193 3985 prohibeat,
1211 3914 1428 3980 ut3‚8ss3prol›et

193 4011 211 4060 i.
240 4026 262 4061 θ.
291 4009 426 4077 prohibet.
464 4008 566 4060 Contra
594 4007 708 4057 Plautus
736 4007 803 4058 dicit
826 4008 973 4074 praelibare
1002 4012 1028 4057 ct
1056 4007 1168 4057 deludere
1194 4003 1379 4072 propraetore
1398 4007 1427 4053 et

195 4099 287 4150 debere.
333 4084 409 4146 978.
441 4096 497 4164 ¹fini
514 4099 531 4148 i.
551 4112 574 4147 e.
593 4097 621 4146 in
643 4097 704 4157 tine,
724 4112 779 4162 quo
799 4098 910 4147 missurn
931 4101 988 4157 θεῖς
1008 4095 1059 4146 979
1079 4112 1095 4145 u
1109 4095 1166 4162 fine
1185 4096 1203 4145 i.
1214 4110 1236 4144 θ.
1247 4093 1282 4144 ab
1293 4093 1426 4143 extremis

194 4191 309 4239 naturae
329 4188 392 4238 oris.
438 4174 512 4234 983.
551 4186 568 4235 i.
588 4201 610 4235 θ.
630 4186 716 4251 eopia,
736 4201 806 4251 quac
826 4185 881 4236 telo
900 4189 940 4236 est
960 4184 1081 4246 volandi,
1101 4200 1207 4250 semper
1224 4182 1291 4232 mihi
1305 4182 1427 4247 proferat

195 4277 337 4342 effugium,
365 4290 400 4326 se.
430 4274 520 4328 locum
550 4273 596 4324 ubi
628 4273 708 4323 finem
738 4290 792 4325 non
813 4290 870 4324 esse
890 4275 1060 4324 convincam,
1106 4260 1181 4323 987.
1219 4272 1346 4340 confluxet
1363 4272 1382 4321 i.
1402 4287 1426 4323 e.

196 4363 383 4416 confluxisset.
420 4362 476 4415 Cfr.
495 4363 530 4414 ad
550 4362 610 4412 233,
644 4349 706 4410 991.
728 4362 826 4413 Versus
846 4362 1010 4429 spondiacus
1020 4364 1161 4414 immotam
1172 4363 1292 4428 quietern
1304 4360 1426 4411 denotat.

196 4440 271 4503 992·
314 4469 388 4503 nunc.
427 4450 482 4503 On.
502 4452 535 4502 ad
556 4451 616 4502 169.
