3106 5034
170 265 191 334 2

205 464 251 514 Vs.
279 463 411 514 80-101.
448 463 512 516 Noli
541 465 628 514 vereri
655 480 688 514 ne
708 468 733 515 te
752 465 869 531 impium
889 465 997 525 seciam,
1016 465 1038 514 si
1059 463 1223 530 religionem
1243 480 1395 532 oppugno;

170 551 221 602 illa
240 551 310 602 false
328 551 361 602 de
381 551 423 602 dis
441 553 536 619 opinio
556 553 660 619 peperit
678 553 764 620 impia
784 553 862 614 sacta,
875 557 905 603 ut
914 556 1028 620 apparet
1038 568 1072 604 ex
1082 554 1215 605 sacrificio
1226 553 1397 622 Iphigeniae.

209 640 252 691 Vs.
282 639 430 690 102-135.
468 641 562 706 Neque
590 643 682 692 minus
711 641 780 692 falsa
808 646 847 692 est
875 643 969 708 opinio
999 645 1139 708 poetarum
1169 641 1202 693 de
1230 643 1349 694 aeternis
1368 645 1397 694 in

171 733 257 780 morte
278 729 381 795 poenis,
401 744 471 794 quae
491 727 650 780 hominibus
670 734 773 780 metum
784 731 870 781 affert.
890 730 1052 797 ignorantia
1062 729 1125 781 illas
1136 730 1219 782 falsas
1227 735 1257 787 ¹et
1267 733 1398 784 terrificas

111 840 114 844 ·
171 817 314 883 opiniones
334 818 446 883 peperit.
484 816 656 885 Quapropter
676 804 844 870 benenobis
864 820 933 870 ratio
953 818 1080 870 habende
1099 823 1139 869 est
1158 835 1219 869 cum
1239 821 1345 887 superis
1364 820 1397 872 dc

172 907 253 957 rebus
275 904 360 975 [libro
380 907 401 956 V
422 911 448 957 et
458 907 495 956 VI
506 904 673 975 explicatis],
686 911 744 958 tum
754 907 788 958 de
798 909 883 958 animi
895 911 994 958 natura
1006 906 1091 976 [libro
1101 907 1141 957 ΙΙΙ
1151 912 1178 959 et
1187 907 1224 958 IV
1236 907 1398 978 illustrate}

201 994 253 1045 *Vs
282 994 431 1046 136-145.
468 994 640 1062 Quamquam
667 1012 710 1047 me
730 1012 785 1047 non
805 996 879 1046 fallit
897 995 1092 1046 difficillimum
1112 1011 1168 1047 esse
1188 996 1255 1048 haec
1275 998 1398 1049 versibus

174 1083 321 1145 illustrare,
342 1086 433 1133 tamen
452 1083 573 1135 studiose
593 1100 703 1150 operam
723 1084 802 1146 dabo,
824 1088 853 1135 ut
872 1085 965 1136 lumen
986 1086 1045 1147 tibi,
1062 1085 1180 1148 Memmi,
1192 1087 1353 1153 praeferam.
1372 1086 1399 1154 1)

208 1260 290 1312 Liber
314 1261 419 1327 primus
439 1261 575 1312 dividitur
594 1263 623 1311 in
645 1265 734 1328 partes
754 1266 816 1324 tres,
836 1278 953 1328 quarum
973 1264 1062 1330 prima
1080 1262 1243 1331 (146-482)
1262 1262 1334 1313 nihil
1353 1279 1401 1330 per

176 1365 204 1401 se
232 1365 289 1400 esse
319 1354 425 1417 praeter
444 1366 557 1418 corpora
576 1354 603 1401 et
621 1352 703 1402 inane
723 1350 943 1413 demonstratum
963 1351 1049 1403 altera
1068 1351 1232 1419 (483-920)
1251 1351 1400 1419 primordia

174 1454 230 1490 esse
258 1438 346 1490 solida
374 1444 456 1505 atque
484 1444 609 1500 aeternam
634 1441 714 1490 tertia
732 1438 912 1507 (oio-1117)
932 1444 1084 1492 atomorum
1105 1456 1250 1491 numerum
1269 1444 1295 1492 et
1315 1441 1396 1491 inane

175 1545 232 1580 esse
252 1529 371 1580 infinit-a.

644 1707 709 1758 Pars
729 1707 741 1756 Ι
760 1706 844 1774 (146-
859 1707 931 1775 482).

478 1794 556 1846 Nihil
572 1804 608 1847 est
621 1813 669 1863 per
686 1812 712 1847 se
726 1804 828 1863 praeter
846 1812 952 1862 corpora
971 1804 993 1846 et
1011 1797 1094 1847 inane.

213 1973 270 2024 Hac
289 1973 378 2039 prima
398 1977 473 2039 parte
493 1977 573 2040 poeta
592 1975 710 2040 primum
730 1973 892 2041 (146-328)
912 1973 990 2025 docet
1009 1973 1115 2025 nullam
1133 1973 1314 2025 remenihilo
1325 1973 1402 2041 gigni

175 2060 338 2130 (llo-214)
358 2077 406 2112 nec
426 2078 467 2113 res
486 2061 519 2113 ed
541 2062 660 2113 nihilum
680 2063 767 2129 perire
786 2061 939 2129 (215-64),
959 2066 1085 2113 naturam
1104 2063 1191 2129 igitur
1210 2063 1296 2113 caecis
1312 2077 1404 2129 corpo·

179 2151 255 2201 ribus
284 2165 326 2200 res
354 2165 447 2217 gerere
467 2149 648 2219 (265-328);
668 2151 767 2202 deinde
786 2150 950 2219 (329-417)
971 2155 1077 2217 praeter
1096 2167 1209 2219 corpora
1228 2167 1285 2202 esse
1304 2152 1403 2213 inane3

178 2237 297 2304 denique
317 2237 464 2306 (418-82)
485 2244 591 2306 praeter
610 2255 723 2306 corpora
742 2245 769 2292 et
787 2242 869 2293 inane
889 2241 961 2291 nihil
981 2257 1037 2292 esse
1059 2257 1106 2308 per
1124 2256 1161 2291 se.

215 2331 363 2379 146-214.
401 2327 484 2379 Nulla
502 2345 540 2379 rar
559 2344 571 2379 e
590 2328 668 2379 nihilo
684 2329 798 2396 gignitur
816 2330 936 2381 divinitus
955 2346 1073 2396 uuquam.

216 2416 240 2468 1.
278 2417 347 2468 Nem
368 2416 491 2468 159-73
511 2432 553 2468 res
572 2433 697 2485 quaeque
717 2423 825 2470 creetur
844 2435 878 2470 ex
897 2427 963 2470 certa
982 2427 1069 2481 matre,
1089 2434 1125 2469 sc.
1146 2418 1193 2470 ubi
1213 2419 1345 2485 cuiusque
1366 2419 1405 2468 rei

181 2507 309 2557 materies
327 2508 416 2568 inest;

218 2593 241 2644 2.
280 2599 419 2660 praeterea
438 2594 560 2646 174---83
579 2595 659 2647 ssorcs
679 2598 838 2663 fructusque
854 2581 909 2648 non
929 2597 999 2647 fiunt
1018 2598 1071 2647 nisi
1091 2595 1403 2663 caroannirempoutas,

182 2681 230 2733 ubi
250 2698 285 2732 sc.
305 2686 378 2733 certa
397 2685 502 2734 semina
521 2699 570 2736 suo
590 2689 710 2752 tempore
730 2685 941 2748 confluxerunt3

219 2771 243 2821 3.
281 2786 361 2838 porro
389 2771 511 2823 184-91
538 2778 568 2824 ut
599 2789 640 2824 res
669 2779 798 2837 crescant,
818 2776 934 2842 temporis
952 2777 1035 2844 spatio
1054 2791 1123 2843 opus
1142 2779 1183 2827 est
1202 2778 1407 2840 crescentesque
1506 2763 1508 2766 ⁵

184 2875 271 2926 genus
290 2864 417 2922 servant3
436 2875 486 2911 sua
505 2862 591 2928 igitur
611 2864 725 2914 materia
744 2863 875 2926 aluntur3

186 2971 389 2980 ———

185 3062 253 3112 luna
271 3064 344 3112 astra
363 3060 469 3112 eaelum
488 3077 575 3127 aquae
595 3063 674 3113 certis
694 3062 803 3130 legibus
819 3066 1017 3130 optemperant,
1028 3063 1141 3113 minime
1152 3060 1268 3112 efficitur
1278 3074 1323 3111 eas
1334 3057 1409 3124 leges

186 3151 202 3185 a
230 3133 281 3184 deo
304 3133 338 3183 iis
358 3148 413 3184 non
433 3148 489 3183 esse
509 3135 679 3184 constitutas.
716 3132 783 3201 (Ofr.
802 3133 845 3184 Ps.
864 3133 917 3184 148
936 3151 962 3184 v.
981 3133 1069 3197 3-6).
1107 3132 1144 3183 Ut
1162 3132 1236 3183 enim
1256 3133 1279 3182 is
1298 3131 1410 3190 erraret,

186 3205 235 3272 qni
254 3219 353 3255 sonum
372 3203 448 3270 lyrae
469 3205 526 3255 lieri
546 3202 585 3256 ita
604 3201 763 3272 explicaret,
776 3209 888 3256 utcerto
898 3209 1013 3257 naturae
1027 3204 1135 3256 foedere
1146 3207 1253 3254 certum
1264 3215 1412 3252 numerum

187 3276 373 3327 vibrationum
402 3279 504 3326 certum
534 3291 632 3327 sonum
660 3292 750 3327 creare
779 3275 897 3338 diceret3
922 3281 1005 3344 atque
1030 3275 1095 3326 inde
1114 3274 1230 3325 efficeret
1248 3289 1305 3340 erpo
1324 3273 1411 3338 ipsam

188 3349 278 3415 lyram
306 3361 389 3398 sonus
417 3347 531 3414 gignere
559 3363 608 3398 nec
633 3359 690 3398 esse
709 3348 757 3414 qui
777 3347 839 3414 lyra
858 3351 975 3410 caneret,
994 3348 1033 3398 ita
1051 3350 1144 3398 errant
1163 3346 1288 3413 Epicurei
1309 3343 1413 3410 quique

188 3434 234 3472 eos
253 3419 338 3468 secuti
358 3417 528 3469 contendunt
546 3419 639 3470 omnia
658 3420 737 3469 certis
756 3418 866 3486 legibus
885 3419 943 3470 fieri
964 3434 1052 3484 neque
1072 3433 1129 3485 erpo
1149 3417 1229 3468 deum
1250 3430 1307 3467 esse
1327 3428 1413 3481 posse,

189 3491 236 3558 qui
265 3504 315 3540 sua
344 3489 369 3538 vi
398 3504 502 3555 suoque
531 3490 644 3540 numine
672 3505 716 3540 eas
745 3489 819 3556 leges
847 3491 887 3541 ita
914 3491 1013 3541 crearit
1040 3494 1122 3555 atque
1148 3492 1233 3555 regat,
1254 3491 1284 3537 nt
1304 3484 1414 3536 tandem

189 3565 350 3615 eventurum
379 3560 415 3611 sit
442 3564 473 3611 ut
499 3575 606 3611 summa
625 3560 769 3612 harmonia
796 3562 889 3613 omnia
907 3563 936 3611 in
956 3561 1042 3613 solius
1060 3560 1104 3611 dei
1124 3559 1240 3627 gloriam
1260 3558 1415 3609 concinant.

224 3633 252 3699 1)
271 3631 402 3683 Videmus
421 3637 506 3682 artem
526 3633 653 3694 auctoris,
673 3647 728 3698 qua
747 3632 797 3683 hoc
818 3633 956 3699 prooemio
976 3649 1038 3683 eum
1058 3632 1106 3698 qui
1126 3631 1194 3698 legit
1213 3628 1416 3688 circumiissent,

189 3722 251 3756 cum
271 3702 433 3770 polliceatur
452 3718 479 3753 se
499 3706 526 3753 et
545 3704 641 3754 timore
665 3702 779 3755 deorum
799 3719 861 3753 eum
872 3705 1022 3770 mortisque
1032 3702 1150 3754 liberare
1161 3708 1187 3752 et
1198 3717 1288 3752 veram
1301 3703 1416 3750 naturae

190 3777 325 3828 rationem
353 3773 466 3835 docerc3
495 3773 608 3836 dealem,
634 3790 695 3824 curn
723 3790 765 3825 res
784 3790 853 3840 quas
872 3775 1061 3826 illustraturus
1081 3777 1121 3825 est
1140 3773 1259 3824 breviter
1278 3773 1416 3838 exponat3

191 3846 340 3907 benenatum,
369 3861 430 3895 cum
459 3848 485 3895 et
513 3847 635 3913 inopiam
663 3861 740 3896 suam
769 3847 863 3912 reique
891 3846 1080 3897 difficultatem
1100 3845 1220 3912 proferat
1239 3848 1265 3895 et
1284 3856 1416 3908 magnum

191 3935 272 3969 suum
292 3932 357 3983 erga
376 3932 447 3977 eum,
467 3917 510 3967 cui
530 3915 647 3983 scripsit,
666 3932 785 3969 amorem
806 3921 928 3969 testetur.

227 3990 369 4038 Praeterea
389 3985 513 4038 videmus
532 3988 688 4039 Lucretium
707 3989 869 4055 Epicuream
879 3988 913 4040 de
923 3989 1022 4040 atomis
1032 3987 1186 4040 doctrinam
1195 3984 1258 4037 ideo
1268 3983 1417 4060 illustrare,

194 4064 224 4111 ut
251 4070 354 4109 metum
382 4057 496 4110 deorum
525 4061 675 4126 mortisque
704 4059 793 4111 tollet.
821 4060 988 4111 Monendum
1017 4063 1107 4110 tamen
1134 4062 1182 4118 est,
1202 4055 1308 4108 etiamsi
1328 4064 1417 4103 omnis

193 4146 283 4182 rerum
313 4133 411 4179 nature
440 4132 599 4183 consisteret
626 4147 660 4182 ex
689 4132 796 4192 atomis,
824 4130 888 4182 inde
917 4136 1007 4182 tamen
1042 4145 1100 4181 non
1119 4128 1187 4179 effici
1208 4124 1341 4177 mundum
1362 4135 1417 4170 non

193 4202 327 4253 divinitus
356 4207 526 4267 procreatum
554 4218 621 4253 esse.
657 4202 745 4255 Immo
774 4202 979 4271 Brittannorum
1009 4200 1222 4251 clarissimorum
1242 4195 1417 4273 physicorum

195 4272 274 4324 facile
294 4272 347 4321 fuit
367 4272 492 4339 princeps
512 4272 746 4335 Oloris-Mamali,
765 4275 812 4340 qui
833 4273 927 4325 docuit
946 4276 1058 4332 atomos,
1069 4270 1143 4337 qnod
1155 4264 1417 4346 immutabilesusrnt

196 4343 274 4394 nulla
302 4346 416 4393 naturae
445 4344 471 4393 vi
493 4344 622 4395 formatas
642 4359 699 4396 esse
719 4360 813 4411 posse3
833 4349 861 4396 et
879 4343 952 4410 quod
973 4343 1056 4394 atomi
1077 4340 1199 4392 eiusdem
1219 4351 1327 4406 generis
1347 4337 1419 4384 mter

195 4430 223 4464 se
251 4415 307 4464 sint
334 4414 553 4476 consimillimae,
582 4416 673 4482 potius
702 4432 785 4466 menn
815 4417 898 4467 sactes
922 4411 1158 4481 (umanufactured
1179 4406 1316 4474 articles”)
1336 4420 1419 4472 quam

197 4490 320 4536 aetcrnas
340 4484 437 4536 videri.
