3106 5034
245 481 324 576 Qua
351 492 510 583 propter,
538 484 698 581 quamvis
724 483 899 558 causando
925 485 1036 557 multa
1064 486 1224 571 moreris,

194 629 265 676 esse
290 603 328 674 iu
354 603 458 674 rebus
483 602 587 673 inane
613 609 729 672 tamen
758 601 884 673 fateare
911 609 1096 673 necessest.

95 740 149 792 400
195 719 376 815 multaque
403 727 578 815 praeterea
604 717 669 788 tibi
696 743 836 814 possum
863 716 1168 789 commemorando

194 840 399 930 argumenta
425 832 530 904 fidem
558 832 662 904 dictis
687 832 875 904 conradere
902 833 1043 905 nostris.

195 974 314 1021 verum
343 947 461 1020 animo
487 948 570 1019 satis
596 947 680 1019 haec
705 949 849 1045 vestigia
876 973 981 1045 parva
1006 948 1119 1045 sagaci

195 1073 295 1149 sunt,
323 1088 385 1161 per
411 1087 501 1159 quae
527 1063 634 1160 possis
660 1088 864 1159 cognoscere
891 1072 1003 1136 cetera
1029 1072 1126 1136 tute:

195 1205 348 1277 namque
374 1203 475 1250 canes
501 1185 541 1249 ut
568 1179 785 1276 montivagae
812 1206 975 1277 persaepe
1001 1180 1086 1252 ferai

99 1317 151 1368 405
195 1295 339 1368 naribus
365 1294 550 1365 inveniunt
576 1293 721 1366 intectas
747 1296 870 1369 fronde
896 1297 1049 1392 quietes,

195 1437 276 1483 curn
303 1409 409 1482 semel
436 1409 637 1481 institerunt
666 1412 808 1508 vestigia
835 1420 927 1484 certa
953 1412 1041 1496 viai,

195 1527 243 1598 sic
270 1525 342 1597 alid
367 1551 408 1597 ex
434 1524 503 1596 alio
530 1550 591 1621 per
617 1533 650 1596 te
676 1533 750 1598 tute
777 1527 850 1624 ipse
877 1527 994 1600 videre

193 1641 323 1714 talibus
348 1641 385 1712 in
411 1640 515 1712 rebus
542 1641 669 1736 poteris
694 1668 881 1739 caecasque
908 1643 1055 1715 latebras

192 1757 370 1828 insinuare
396 1756 510 1828 omnis
535 1763 570 1827 et
596 1783 715 1828 verum
744 1758 943 1854 protrahere
970 1758 1072 1831 inde.

98 1892 150 1944 410
194 1872 288 1970 quod
316 1873 344 1944 si
371 1873 517 1969 pigraris
544 1871 732 1968 paulumve
759 1874 935 1945 recesseris
961 1875 1005 1945 ab
1032 1899 1086 1959 re,

195 1989 261 2063 hoc
289 1989 353 2060 tibi
378 1987 422 2060 de
448 1988 552 2085 plano
578 2013 718 2085 possum
746 1989 965 2085 promittere,
993 1989 1158 2061 Memmi:

197 2129 308 2200 usqne
334 2103 420 2175 adeo
446 2103 558 2200 largos
584 2103 729 2176 haustus
754 2129 773 2175 e
799 2104 949 2176 fontibu'
978 2105 1114 2201 maguis

197 2220 318 2317 lingua
344 2245 421 2292 meo
447 2220 561 2291 suavis
586 2219 655 2291 diti·
679 2219 722 2291 de
749 2231 886 2316 pectore
912 2219 1055 2304 fundet,

167 2414 170 2419 ,
198 2344 238 2407 ut
263 2360 380 2407 verear
405 2361 449 2407 ne
475 2335 573 2406 tarda
600 2335 697 2432 prius
723 2360 783 2431 per
811 2336 967 2407 membra
993 2348 1151 2408 senectus

102 2471 154 2524 415
198 2459 313 2549 serpat
337 2458 372 2522 et
397 2451 434 2522 in
461 2449 561 2522 nobis
587 2451 670 2522 vitai
696 2450 846 2522 claustra
871 2450 1049 2536 resolvat,

198 2592 302 2663 quam
331 2566 397 2638 tibi
424 2566 467 2638 de
494 2567 616 2662 quavis
641 2592 713 2638 uua
739 2591 774 2638 re
800 2566 956 2638 versibus
982 2567 1095 2638 omnis

198 2690 485 2778 argumentorum
512 2682 556 2753 sit
582 2682 682 2779 eopia
709 2683 811 2753 missa
838 2708 899 2779 per
925 2683 1036 2754 auris.

188 2799 190 2803 '
247 2797 315 2869 Sed
341 2823 435 2869 nunc
462 2806 501 2869 ut
527 2809 680 2894 repetam
707 2806 870 2895 coeptum
897 2809 1036 2895 perterre
1060 2799 1311 2886 redietis‚terua
1331 2829 1430 2876 natura

198 2913 312 2985 omnis
338 2921 378 2985 ut
403 2921 453 3001 est
478 2914 587 3010 igitur
613 2939 674 3010 per
699 2939 734 2985 se
761 2922 884 2985 natura
911 2913 1049 2986 duabus
1271 2910 1326 2946 ⁰⁰¹¹
1346 2899 1395 2948 θεῖ·

102 3048 155 3101 420
198 3030 353 3102 constitit
378 3030 414 3100 in
441 3029 566 3101 rebus:
596 3055 676 3101 uam
703 3054 846 3126 corpora
871 3039 970 3115 sunt,
998 3041 1032 3103 et
1057 3030 1180 3116 inane,

200 3145 283 3218 haec
309 3146 346 3216 in
373 3172 444 3243 quo
469 3146 534 3218 sita
560 3153 642 3217 sunt
666 3154 701 3217 et
726 3171 797 3243 (qua
823 3146 956 3218 diversa
984 3155 1183 3219 moventur.

147 3374 226 3437 402·
265 3386 385 3438 Vocibus
413 3385 518 3452 aestipia
546 3390 573 3436 et
600 3385 690 3453 saycrci
713 3385 767 3435 iam
788 3385 926 3452 significat
946 3388 1025 3451 poeta
1044 3383 1071 3435 id
1092 3384 1191 3448 simile,
1211 3385 1285 3452 quod
1304 3404 1330 3439 v.

101 3475 156 3528 404
185 3491 245 3544 sqq.
273 3475 463 3527 illustraturus
482 3479 531 3526 est.
575 3462 651 3523 404·
690 3474 848 3540 raoatioapce
867 3472 1091 3540 coniungendam
1113 3479 1153 3532 est
1172 3491 1234 3525 cum
1247 3475 1332 3542 ferai.

101 3562 158 3617 ca.
186 3565 263 3628 asor
293 3569 319 3616 et
347 3564 425 3626 1081,
453 3563 536 3631 soph.
556 3564 627 3615 rua.
646 3563 698 3614 aaa
717 3543 795 3639 θῆρ’
821 3543 1001 3639 operatam.
1048 3551 1126 3611 405.
1164 3565 1255 3632 quietes
1275 3581 1330 3618 non

102 3661 155 3712 alsi
183 3660 232 3711 aa.
251 3661 322 3728 sign.
342 3659 453 3711 cubilia.
499 3648 574 3708 410.
591 3660 697 3726 piprare
709 3657 764 3727 [ie.
776 3660 885 3726 pigrum
897 3657 966 3727 esse]
980 3659 1172 3726 perraroapud
1185 3662 1330 3727 scriptores
1366 3693 1370 3699 -

102 3751 274 3817 antiquiores
302 3750 414 3818 legitur.
443 3748 498 3800 Cic.
527 3751 615 3801 utitur
634 3749 718 3800 verbo
733 3748 838 3815 piprort
855 3748 889 3799 ad
911 3748 967 3799 Aa.
987 3748 1084 3809 14,1,2.
1103 3779 1138 3785 —
1156 3766 1178 3800 r.
1197 3749 1229 3800 alr
1248 3767 1268 3800 r.
1288 3751 1332 3801 i.e.

102 3839 227 3890 animum
257 3854 312 3889 non
332 3838 490 3908 attenderis.
535 3827 611 3887 4ΙΙ.
650 3838 775 3904 cepiano
795 3839 837 3888 ie.
857 3839 946 3888 missis
965 3837 1139 3905 ambagibus,
1159 3840 1260 3890 statim.
1293 3839 1333 3890 De

99 3927 190 3994 plano,
210 3943 224 3978 e
236 3927 328 3994 plano,
347 3944 378 3979 ea
395 3944 474 3994 aequo
493 3927 545 3977 loco
567 3932 703 3994 praetores
720 3926 983 3978 diiudicabantlites
993 3930 1020 3977 et
1030 3928 1228 3978 controversias
1239 3927 1332 3978 faciles

103 4019 131 4067 et
159 4014 327 4082 explicatas3
346 4015 471 4067 difficiles
491 4021 583 4067 autem
603 4021 685 4082 atque
705 4015 859 4082 implicatas
879 4031 893 4066 c
913 4015 972 4067 loeo
992 4016 1131 4083 superiore
1151 4020 1266 4082 atquae
1286 4016 1332 4066 tri-

103 4104 211 4157 bunali.
248 4104 342 4172 Leges,
371 4105 460 4156 edicta
489 4109 538 4157 cet.
570 4106 795 4173 proponebantur
814 4105 843 4154 in
864 4103 975 4171 publico
996 4104 1085 4157 nunde
1105 4104 1138 4155 (le
1159 4104 1241 4171 plano
1261 4107 1331 4157 recte

104 4192 161 4262 legi
182 4194 318 4262 possent-.”
365 4182 431 4243 419.
469 4201 496 4244 ut
513 4202 549 4246 est
561 4211 610 4262 per
627 4211 660 4246 se.
699 4193 820 4260 Corpora
839 4198 866 4244 et
884 4194 966 4244 inane
985 4196 1050 4243 sunt
1070 4208 1117 4260 per
1135 4209 1180 4255 se;
1200 4193 1333 4244 coniuncta

104 4288 197 4340 autem
225 4287 253 4334 et
281 4290 367 4335 cacata
395 4282 458 4352 (449
486 4284 557 4351 sqq.)
584 4288 658 4345 sunt,
687 4282 733 4335 sed
754 4298 808 4333 non
828 4285 893 4332 sunt
913 4297 960 4348 per
978 4296 1015 4332 se.
1052 4281 1157 4333 Natura
1176 4293 1224 4349 per
1243 4297 1271 4333 se
1291 4283 1334 4333 ie.

103 4359 125 4459 ἦ
165 4362 245 4437 καθ’
281 4370 401 4462 ἑαυτὴν
424 4373 532 4458 φύσις.
577 4380 654 4441 421.
691 4383 767 4450 Epic.
786 4380 821 4433 ad
840 4380 940 4432 Herod.
960 4379 1011 4430 39:
1031 4371 1163 4452 σώματα
1186 4369 1246 4452 μὲν
1274 4368 1332 4457 γὰρ

103 4468 145 4551 tib·
165 4478 266 4559 ἔστιν,
288 4472 372 4571 aava}
395 4473 417 4571 ἡ
440 4478 598 4571 αἴσθησις
620 4479 834 4546 iciodorum
857 4487 1021 4566 μαρτυρεῖ.
