3106 5034
207 499 339 570 Ennius
365 498 513 571 aeternis
539 499 683 595 exponit
709 498 864 570 versibus
890 497 1015 582 edem,

205 639 276 710 quo
303 639 417 710 neque
443 622 650 712 permanent
676 613 819 685 animae
839 639 953 710 neque
979 637 1121 710 corpora
1149 619 1284 696 nostra,

206 729 266 801 sed
292 730 465 826 quaedam
492 729 678 801 simulacra
704 729 816 800 modis
842 728 1008 826 pallentia
1035 728 1151 812 miris;
1276 737 1278 741 ‘

207 845 302 916 unde
328 845 395 916 sibi
421 853 574 917 exortam
601 869 736 940 semper
761 844 915 916 florentis
941 844 1112 915 Homeri

207 970 457 1032 commemorat
481 960 632 1056 speeiem
659 960 819 1032 lacrimas
844 960 1023 1032 effundere
1049 959 1152 1031 salsas

209 1076 360 1173 coepisse
386 1086 420 1147 et
445 1101 561 1147 rerum
590 1084 750 1147 naturam
777 1075 972 1172 expandere
998 1075 1118 1146 dictis.

209 1199 445 1288 quapropter
471 1193 559 1264 bene
586 1218 667 1264 eum
693 1193 827 1289 superis
854 1193 897 1263 de
924 1192 1027 1264 rebus
1053 1190 1214 1263 habenda

210 1307 310 1378 nobis
326 1314 385 1392 est
411 1294 517 1392 ratio,
546 1308 626 1379 solis
652 1308 827 1404 lunaeque
855 1315 988 1379 meatus
1179 1396 1180 1402 ἵ

210 1447 279 1518 que
305 1423 391 1494 fiant
416 1423 567 1510 ratione,
595 1433 629 1497 et
655 1451 725 1521 qua
750 1426 782 1497 vi
811 1450 971 1522 quaeque
997 1431 1162 1520 gerantur
1261 1496 1263 1498 ,

209 1537 246 1608 11
272 1539 390 1623 terris,
417 1547 494 1611 tum
521 1566 601 1613 eum
630 1541 754 1638 primis
779 1541 912 1613 ratione
938 1540 1051 1636 sagaci

211 1654 305 1724 unde
331 1654 449 1726 anima
474 1663 579 1753 atque
605 1657 715 1728 animi
742 1665 874 1729 constet
900 1664 1024 1728 natura
1050 1654 1262 1738 videndum,

212 1770 245 1839 et
271 1794 360 1865 quae
386 1794 439 1842 res
465 1773 566 1845 nobis
591 1774 818 1870 vigilantibus
844 1773 946 1845 obvia
972 1780 1104 1844 mentes

147 1919 151 1925 ·
212 1884 377 1956 terrificet
403 1888 525 1959 morbo
551 1888 696 1960 adfectis
722 1914 914 1985 somnoque
940 1887 1104 1984 sepultis,

212 2025 351 2072 cernere
377 2002 430 2072 uti
457 2003 640 2075 videamur
665 2029 722 2076 eos
747 2004 940 2100 audireque
966 2028 1100 2088 coram,

212 2124 321 2188 morte
347 2117 442 2189 obita
468 2145 618 2215 quorum
645 2120 749 2192 tellus
774 2120 998 2216 amplectitur
1024 2145 1116 2202 ossa.
1376 2215 1378 2217 g

261 2232 334 2303 Nee
361 2259 417 2304 me
443 2235 552 2306 animi
579 2235 668 2307 fallit
694 2237 880 2308 Graiorum
907 2237 1053 2311 obseura
1078 2242 1213 2333 reperta
1287 2231 1289 2235 ¹

213 2347 356 2420 difficile
382 2349 567 2423 inlustrare
593 2352 728 2423 Latinis
754 2353 909 2424 versibus
934 2378 1024 2437 esse,

214 2463 325 2535 multa
350 2465 448 2536 novis
473 2466 586 2539 verbis
612 2468 813 2564 praesertim
840 2495 921 2540 cum
947 2468 992 2540 sit
1017 2468 1192 2564 agendum

213 2588 353 2676 propter
378 2589 563 2678 egestatem
590 2582 730 2679 linguae
757 2592 790 2655 et
816 2609 931 2656 rerum
960 2584 1166 2677 novitatem:
1204 2659 1219 2671 „
1280 2666 1282 2670 ¹
1328 2670 1331 2676 ,

115 2714 168 2766 140
212 2697 270 2768 sed
297 2705 358 2769 tua
384 2724 440 2770 me
466 2698 575 2771 virtus
602 2707 718 2771 tamen
745 2708 779 2772 et
805 2709 945 2796 sperata,
965 2699 1124 2797 voluptas

213 2812 326 2884 suavis
351 2815 525 2887 amicitiae
552 2817 711 2912 quemvis
736 2816 856 2887 efferre
883 2815 1037 2888 laborem

129 3012 130 3015 Ἴ
212 2927 334 2999 suadet
359 2937 393 3001 et
418 2929 556 3003 inducit
583 2940 698 3003 noctes
725 2931 866 3027 vigilare
892 2956 1045 3015 serenas,

161 3156 214 3217 122
234 3185 273 3235 sq.
311 3168 465 3221 Secundum
494 3170 615 3220 Ennium
644 3174 729 3220 morte
749 3185 847 3236 eorpus
867 3171 945 3236 perit,
964 3171 1073 3221 animus
1094 3171 1195 3237 migrat
1213 3170 1241 3218 in
1262 3154 1359 3219 aliud

115 3273 221 3325 corpus,
249 3257 428 3309 simulacrum
456 3263 580 3310 nostrum
610 3264 751 3326 permanat
778 3260 807 3309 in
836 3258 944 3310 Orcum.
983 3246 1046 3308 l25·
1085 3257 1167 3325 Apud
1192 3253 1340 3310 Homerum
1366 3256 1368 3260 '

115 3352 286 3399 mortuorum
299 3347 411 3398 umbrae
427 3346 542 3398 simulac
547 3339 712 3415 familiarem
722 3341 858 3415 quendam
872 3348 973 3409 vident,
984 3346 1049 3399 tlere
1059 3348 1208 3413 incipiunt·
1243 3345 1298 3398 cfr.
1311 3346 1341 3397 ll.

117 3436 158 3498 23,
187 3436 247 3487 106.
285 3435 335 3487 Od.
363 3436 406 3498 11,
435 3436 494 3487 154.
532 3436 664 3488 387-92.
701 3437 751 3487 471
781 3453 821 3504 sq.
858 3438 913 3488 Nee
942 3437 1022 3487 aliter
1048 3437 1129 3502 Verg.
1148 3435 1217 3486 Aen.
1238 3435 1262 3496 2,
1282 3435 1341 3486 271.

118 3524 251 3576 Homerus
281 3525 400 3576 Ennium
430 3525 524 3576 docuit
552 3527 610 3577 eius
639 3527 761 3576 animum
790 3531 871 3576 antea
891 3527 974 3576 fuisse
994 3527 1022 3574 in
1043 3524 1200 3591 Euphorbo,
1220 3524 1341 3586 Homero,

117 3612 282 3682 Pythagora.
321 3602 385 3664 l30·
423 3615 587 3681 cumprimis
606 3616 649 3665 ie.
669 3616 812 3682 imprimis.
851 3602 903 3678 131.
941 3613 1050 3664 Anticus
1070 3615 1099 3663 in
1120 3617 1225 3679 pectore
1238 3613 1342 3679 positus

117 3701 275 3754 dominatur
302 3704 330 3754 11
360 3720 471 3771 corpore
500 3709 556 3756 toto
585 3686 734 3755 secundum
763 3697 937 3765 Lucretium3
962 3703 1051 3753 111111
1072 3718 1118 3768 per
1137 3706 1224 3753 totum
1244 3713 1342 3767 corpus

117 3791 213 3842 dissita
231 3798 307 3858 peret
325 3794 426 3845 animo.
464 3794 582 3845 Animus
601 3809 665 3845 vero
680 3787 711 3844 et
730 3795 822 3843 animo
841 3794 913 3843 inter
927 3793 1112 3843 seconiuncta
1127 3794 1191 3840 suut
1205 3804 1342 3856 unamque
1429 3855 1431 3857 g

117 3881 265 3932 conficiunt
284 3899 318 3932 ex
337 3898 365 3933 se
385 3889 510 3934 naturam
530 3884 565 3950 (3,
585 3882 744 3950 136-160).
783 3870 844 3930 136.
883 3882 966 3932 animi
980 3885 1020 3932 est
1030 3881 1174 3948 genetivus
1185 3877 1327 3946 relationis
1334 3896 1341 3939 3

116 3970 261 4036 scriptores
290 3975 350 4040 post
377 3970 440 4021 Luc.
469 3971 539 4022 hanc
567 3973 683 4023 formam
712 3988 766 4023 non
795 3971 984 4022 adiunxerant
1012 3971 1065 4021 nisi
1093 3971 1127 4020 iis
1147 3968 1245 4028 verbis,
1271 3983 1342 4033 quae

119 4057 321 4111 dubitationem
341 4064 367 4111 et
381 4060 597 4113 sollicitudinem
608 4062 773 4129 significant,
784 4061 868 4112 veluti
880 4058 1085 4127 onimipendere,
1095 4057 1164 4125 oapi.
1185 4044 1251 4106 l37·¹
1267 4056 1343 4107 inlus-

116 4154 183 4203 trare
206 4151 355 4217 opponitur
376 4151 433 4201 roci
453 4150 557 4201 obscura
576 4151 612 4218 (v.
632 4150 702 4216 136).
741 4138 793 4199 138
812 4165 852 4215 sq.
889 4148 1013 4215 Dactylis
1030 4149 1058 4197 in
1070 4148 1158 4214 primo
1170 4146 1236 4214 pede
1248 4146 1343 4213 positis

118 4245 197 4309 poeta
224 4240 380 4308 significare
408 4238 517 4290 videtur
541 4241 631 4306 operis
650 4241 766 4305 suscepti
786 4237 920 4299 ardorem,
939 4235 1067 4304 spondeis
1087 4235 1225 4287 molestias
1243 4234 1343 4286 deinde

117 4328 233 4391 oblatas,
262 4328 382 4394 deniqne
410 4329 483 4380 binis
512 4329 641 4379 extremis
670 4327 785 4394 pedibus
814 4326 952 4379 molestias
979 4325 1071 4377 studio
1099 4328 1248 4391 superatas.
1286 4311 1341 4371 141.

116 4417 245 4469 amicitiae
263 4433 299 4469 sc.
319 4422 427 4470 nostrae
446 4423 549 4480 anctae,
569 4419 592 4469 si
612 4416 683 4468 liber
702 4432 778 4468 meus
798 4417 848 4468 tibi
868 4413 1343 4484 acceptuserit.-efferreieferre

116 4506 257 4576 usquead
278 4508 369 4559 finem.
