3106 5034
178 468 256 532 tum
283 458 510 531 labefactatus
534 459 628 555 rigor
652 458 730 530 auri
755 456 900 529 solvitur
925 463 1044 527 aestu:

178 587 255 648 tum
282 574 409 671 glacies
434 574 522 646 aeris
547 574 689 646 flamma
715 573 850 645 devicta
876 571 1056 668 liquescit,

179 696 361 788 permanat
386 689 478 761 calor
504 698 686 786 argentum
714 688 960 786 penetraleque
986 686 1113 782 frigus,

78 827 132 880 495
177 806 320 904 quando
346 814 538 902 utrumque
564 831 672 877 manu
699 805 886 876 retinentes
912 801 1037 900 pocula
1062 801 1128 871 rite

177 921 348 994 sensimus
374 921 490 993 inluso
517 920 739 1017 lympharum
769 946 844 992 rore
870 944 1039 1016 superne.

177 1063 289 1135 usque
314 1037 400 1110 adeo
426 1037 463 1108 in
489 1038 593 1109 rebus
619 1036 721 1122 solidi
748 1037 798 1107 nil
825 1061 896 1107 esse
921 1034 1078 1106 videtur.

177 1152 238 1225 sed
264 1153 348 1250 quia
373 1177 451 1224 vera
479 1160 594 1224 tamen
621 1153 709 1224 ratio
734 1160 929 1248 naturaque
956 1175 1070 1222 rerum

179 1267 288 1364 cogit,
316 1267 416 1352 adea,
444 1268 565 1364 paucis
591 1267 677 1339 dum
704 1268 859 1339 versibus
884 1263 1111 1363 expediamus

80 1404 132 1455 500
176 1408 247 1456 esse
273 1408 313 1455 ea
339 1408 428 1479 quae
454 1382 564 1455 solido
591 1392 695 1480 atque
721 1392 860 1455 aeterno
887 1405 1028 1478 corpore
1055 1386 1222 1462 constent,

176 1497 310 1572 semina
335 1523 424 1594 quae
451 1523 566 1569 rerum
595 1498 857 1595 primordiaque
883 1522 954 1568 0000
981 1495 1164 1580 docemus,

177 1612 272 1684 unde
297 1613 411 1684 omnis
437 1638 554 1684 rerum
578 1601 676 1684 ‘nunc
703 1623 835 1686 constet
860 1638 999 1684 summa
1025 1618 1155 1682 creata.

226 1727 402 1825 Principio
429 1729 595 1824 quoniam
623 1728 753 1825 duplex
779 1736 904 1799 natura
930 1727 1081 1798 duarum
1304 1762 1362 1813 arg.
1383 1746 1409 1797 1.

178 1841 356 1914 dissimilis
382 1867 499 1914 rerum
526 1843 627 1940 longe
653 1855 807 1916 constare
834 1850 1018 1940 repertast,

80 1977 132 2028 505
178 1957 349 2054 corporis,
376 1964 481 2054 atque
507 1958 594 2044 loci,
622 1985 674 2031 000
701 1961 737 2031 iu
764 1985 834 2056 quo
861 1983 1021 2055 0000000
1046 1965 1235 2054 geruntur,

166 2082 248 2144 ‘esse
273 2080 460 2170 utramque
486 2074 553 2146 sibi
580 2100 701 2172 perse
727 2100 924 2172 puramque
950 2081 1135 2145 necessest.

176 2213 255 2259 nam
288 2213 513 2286 quacumque
544 2199 639 2262 vacat
670 2191 842 2287 spatium,
870 2189 966 2287 quod
992 2189 1096 2260 inane
1122 2214 1304 2273 vocamus,

176 2328 301 2400 eorpus
326 2331 365 2377 ea
392 2331 461 2377 non
488 2316 555 2378 est:
583 2333 654 2404 qua
680 2333 781 2404 porro
808 2331 960 2402 cumque
987 2313 1081 2376 tenet
1106 2330 1141 2376 se

176 2444 320 2516 corpus,
348 2446 388 2492 00
414 2446 563 2494 vacuum
592 2448 815 2520 nequaquam
844 2429 977 2493 constat
1003 2421 1124 2492 inane.

81 2553 134 2605 510
175 2542 257 2606 sunt
282 2535 391 2631 igitur
416 2535 526 2608 solida
552 2563 591 2608 ac
616 2538 690 2609 sine
716 2538 811 2609 inani
840 2563 982 2634 corpora
1008 2537 1140 2633 prima.

177 2658 352 2747 praeterea
378 2652 545 2748 quoniam
572 2653 698 2750 genitis
724 2654 760 2724 in
788 2653 892 2725 rebus
918 2653 1072 2736 inanest,

178 2766 356 2837 materiem
384 2767 517 2839 circum
542 2768 689 2840 solidam
716 2778 871 2841 constare
898 2777 1086 2841 necessest:

177 2904 239 2953 nec
265 2907 318 2953 000
344 2881 418 2954 ulla
442 2893 554 2980 potest
578 2893 658 2956 'vera
685 2886 816 2957 ratione
843 2887 982 2982 probari

176 3020 317 3094 corpore
343 2998 447 3070 inane
473 3025 535 3071 suo
561 3000 671 3071 celare
698 3010 803 3098 atque
829 3001 924 3072 intus
951 3000 1096 3084 habere,

79 3128 130 3180 515
174 3111 317 3198 sinon,
345 3114 441 3211 quod
468 3115 625 3201 cohibet,
653 3116 804 3187 solidum
832 3125 986 3188 constare
1012 3115 1211 3212 relinquas:

176 3226 212 3299 id
240 3253 342 3326 porro
368 3229 418 3301 nil
444 3256 515 3304 esse
542 3239 652 3327 potest
678 3232 745 3303 nisi
772 3232 928 3303 materiai

177 3343 385 3430 concilium,
413 3347 508 3442 quod
535 3347 638 3418 inane
664 3358 770 3444 queat
796 3373 912 3419 rerum
939 3347 1118 3419 cohibere.

176 3459 336 3532 materies
361 3461 488 3558 igitur,
514 3462 625 3535 solido
651 3489 741 3560 quae
768 3488 909 3560 corpore
935 3470 1086 3547 constat,

80 3664 282 3674 ——---

121 3787 199 3851 493.
243 3801 339 3868 9100000
357 3801 432 3853 aeris.
470 3802 599 3854 Eiusdem
620 3805 675 3854 fore
692 3802 1303 3871 modimetaphorautiturlllartialisl,49,12,

77 3889 126 3956 qui
145 3889 179 3942 de
197 3889 298 3943 Solone
316 3891 361 3942 vel
380 3891 476 3942 Bilbili
496 3890 610 3943 flumine
629 3892 696 3943 dicit
714 3893 759 3958 qm
770 3893 873 3960 ferrum
890 3894 965 3960 pelet,
985 3894 1028 3944 ie.
1047 3894 1095 3959 qui
1108 3892 1302 3959 le1·rum,quod

76 3975 162 4030 fluvio
180 3978 310 4046 tingitur,
328 3981 418 4031 acrius
436 3980 528 4033 reddit
546 3982 718 4044 (iustin.44,
729 3984 764 4048 3).
809 3969 875 4030 494
885 3998 944 4048 sqq.
982 3979 1302 4049 Caloretfrigusperma-

76 4070 145 4118 nant
178 4070 341 4135 argentum
382 4072 528 4136 utrumque
556 4071 628 4121 euim
658 4073 793 4122 sensimus
821 4071 888 4137 (000.
916 4073 1078 4139 gnomieus).
1122 4057 1200 4120 498.
1237 4071 1303 4121 ratio

76 4148 217 4232 naturaque
235 4169 276 4216 est
293 4160 328 4221 ἑν
351 4155 405 4222 διὰ
427 4157 534 4222 δυοῖνο
554 4185 576 4219 0.
592 4175 714 4221 naturae.
750 4166 827 4228 499.
856 4168 1303 4236 odessepoetaeinterdumdicunt

77 4276 128 4329 pro
146 4276 187 4324 eo,
206 4261 281 4329 quod
300 4268 341 4315 est
358 4264 446 4317 adesse
463 4264 559 4329 animo,
578 4266 680 4318 animis.
725 4255 815 4317 500.⁴
840 4266 993 4319 Primordia
1012 4272 1077 4318 sunt
1096 4273 1214 4329 aeterna,
1230 4284 1266 4319 se.
1277 4272 1304 4319 et

79 4332 217 4429 ἀγένητα
235 4354 264 4402 et
280 4333 503 4430 ἅδιάφθαρτα.
549 4342 624 4404 515.
657 4356 794 4423 relinquere
804 4356 877 4425 apud
889 4356 953 4407 Luc.
962 4357 1070 4424 saepius
1081 4357 1152 4424 sign.
1162 4357 1302 4420 concedere,

78 4446 169 4501 veluti
187 4448 249 4501 658.
267 4448 328 4503 743.
372 4436 449 4505 517.
485 4450 663 4507 {maerorum
682 4453 724 4505 ie.
743 4453 826 4505 inane
845 4453 920 4520 quod
939 4458 979 4505 est
998 4455 1027 4504 in
1047 4454 1138 4507 rebus.
