<?xml version="1.0" encoding="UTF-8"?>
<!DOCTYPE html PUBLIC "-//W3C//DTD XHTML 1.0 Transitional//EN"
    "http://www.w3.org/TR/xhtml1/DTD/xhtml1-transitional.dtd">
<html xmlns="http://www.w3.org/1999/xhtml" xml:lang="en" lang="en">
 <head>
  <title>
</title>
<meta http-equiv="Content-Type" content="text/html;charset=utf-8" />
  <meta name='ocr-system' content='tesseract 3.04.00' />
  <meta name='ocr-capabilities' content='ocr_page ocr_carea ocr_par ocr_line ocrx_word'/>
</head>
<body>
  <div class='ocr_page' id='page_1' title='image "./dererumnaturali03carugoog_0048.png"; bbox 0 0 3106 5034; ppageno 0'>
   <div class='ocr_carea' id='block_1_1' title="bbox 119 447 1446 2502">
    <p class='ocr_par' dir='ltr' id='par_1_1' title="bbox 216 447 1160 546">
     <span class='ocr_line' id='line_1_1' title="bbox 216 447 1160 546; baseline -0.002 -25"><span class='ocrx_word' id='word_1_1' title='bbox 216 450 333 546; x_wconf 80' lang='lat' dir='ltr'>ignem</span> <span class='ocrx_word' id='word_1_2' title='bbox 361 460 466 546; x_wconf 88' lang='lat' dir='ltr'>atque</span> <span class='ocrx_word' id='word_1_3' title='bbox 492 475 532 522; x_wconf 89' lang='lat' dir='ltr'>ex</span> <span class='ocrx_word' id='word_1_4' title='bbox 559 451 633 545; x_wconf 86' lang='lat' dir='ltr'>igni</span> <span class='ocrx_word' id='word_1_5' title='bbox 659 475 833 522; x_wconf 91' lang='lat' dir='ltr'>summam</span> <span class='ocrx_word' id='word_1_6' title='bbox 860 449 1043 522; x_wconf 82' lang='lat' dir='ltr'>consistere</span> <span class='ocrx_word' id='word_1_7' title='bbox 1069 447 1160 531; x_wconf 90' lang='lat' dir='ltr'>solo,</span> 
     </span>
    </p>

    <p class='ocr_par' dir='ltr' id='par_1_2' title="bbox 216 565 1100 664">
     <span class='ocr_line' id='line_1_2' title="bbox 216 565 1100 664; baseline -0.002 -27"><span class='ocrx_word' id='word_1_8' title='bbox 216 591 343 663; x_wconf 85' lang='lat' dir='ltr'>niagno</span> <span class='ocrx_word' id='word_1_9' title='bbox 368 591 471 662; x_wconf 91' lang='lat' dir='ltr'>opere</span> <span class='ocrx_word' id='word_1_10' title='bbox 497 593 516 638; x_wconf 90' lang='lat' dir='ltr'>a</span> <span class='ocrx_word' id='word_1_11' title='bbox 542 591 621 638; x_wconf 91' lang='lat' dir='ltr'>vera</span> <span class='ocrx_word' id='word_1_12' title='bbox 647 566 734 664; x_wconf 90' lang='lat' dir='ltr'>lapsi</span> <span class='ocrx_word' id='word_1_13' title='bbox 760 567 893 638; x_wconf 88' lang='lat' dir='ltr'>ratione</span> <span class='ocrx_word' id='word_1_14' title='bbox 919 565 1100 637; x_wconf 88' lang='lat' dir='ltr'>videntur.</span> 
     </span>
    </p>

    <p class='ocr_par' dir='ltr' id='par_1_3' title="bbox 217 680 1121 779">
     <span class='ocr_line' id='line_1_3' title="bbox 217 680 1121 779; baseline -0.002 -26"><span class='ocrx_word' id='word_1_15' title='bbox 217 682 416 754; x_wconf 82' lang='lat' dir='ltr'>Heraclitus</span> <span class='ocrx_word' id='word_1_16' title='bbox 441 682 509 754; x_wconf 90' lang='lat' dir='ltr'>init</span> <span class='ocrx_word' id='word_1_17' title='bbox 534 708 683 779; x_wconf 87' lang='lat' dir='ltr'>quorum</span> <span class='ocrx_word' id='word_1_18' title='bbox 712 682 783 753; x_wconf 88' lang='lat' dir='ltr'>dux</span> <span class='ocrx_word' id='word_1_19' title='bbox 812 680 942 778; x_wconf 87' lang='lat' dir='ltr'>proelia</span> <span class='ocrx_word' id='word_1_20' title='bbox 968 681 1121 778; x_wconf 89' lang='lat' dir='ltr'>primus,</span> 
     </span>
    </p>

    <p class='ocr_par' dir='ltr' id='par_1_4' title="bbox 217 795 1188 896">
     <span class='ocr_line' id='line_1_4' title="bbox 217 795 1188 896; baseline -0.003 -27"><span class='ocrx_word' id='word_1_21' title='bbox 217 798 331 870; x_wconf 92' lang='lat' dir='ltr'>clarus</span> <span class='ocrx_word' id='word_1_22' title='bbox 355 800 400 870; x_wconf 95' lang='lat' dir='ltr'>ob</span> <span class='ocrx_word' id='word_1_23' title='bbox 426 799 608 870; x_wconf 90' lang='lat' dir='ltr'>obscuram</span> <span class='ocrx_word' id='word_1_24' title='bbox 636 799 791 896; x_wconf 89' lang='lat' dir='ltr'>linguam</span> <span class='ocrx_word' id='word_1_25' title='bbox 821 797 931 894; x_wconf 90' lang='lat' dir='ltr'>magis</span> <span class='ocrx_word' id='word_1_26' title='bbox 956 797 1047 868; x_wconf 87' lang='lat' dir='ltr'>inter</span> <span class='ocrx_word' id='word_1_27' title='bbox 1072 795 1188 867; x_wconf 91' lang='lat' dir='ltr'>inanis</span> 
     </span>
    </p>

    <p class='ocr_par' dir='ltr' id='par_1_5' title="bbox 216 912 1214 1011">
     <span class='ocr_line' id='line_1_5' title="bbox 216 912 1214 1011; baseline -0.001 -28"><span class='ocrx_word' id='word_1_28' title='bbox 216 913 370 1010; x_wconf 89' lang='lat' dir='ltr'>quamde</span> <span class='ocrx_word' id='word_1_29' title='bbox 395 914 508 1011; x_wconf 84' lang='lat' dir='ltr'>gravis</span> <span class='ocrx_word' id='word_1_30' title='bbox 534 914 624 986; x_wconf 92' lang='lat' dir='ltr'>inter</span> <span class='ocrx_word' id='word_1_31' title='bbox 650 914 790 997; x_wconf 87' lang='lat' dir='ltr'>Graios,</span> <span class='ocrx_word' id='word_1_32' title='bbox 818 913 880 1010; x_wconf 89' lang='lat' dir='ltr'>qui</span> <span class='ocrx_word' id='word_1_33' title='bbox 906 938 985 984; x_wconf 89' lang='lat' dir='ltr'>vcra</span> <span class='ocrx_word' id='word_1_34' title='bbox 1011 912 1214 1008; x_wconf 89' lang='lat' dir='ltr'>requirunt:</span> 
     </span>
    </p>

    <p class='ocr_par' dir='ltr' id='par_1_6' title="bbox 216 1028 1212 1125">
     <span class='ocr_line' id='line_1_6' title="bbox 216 1028 1212 1125; baseline -0.002 -24"><span class='ocrx_word' id='word_1_35' title='bbox 216 1029 334 1102; x_wconf 83' lang='lat' dir='ltr'>onmia</span> <span class='ocrx_word' id='word_1_36' title='bbox 359 1030 453 1101; x_wconf 91' lang='lat' dir='ltr'>enirn</span> <span class='ocrx_word' id='word_1_37' title='bbox 481 1029 598 1101; x_wconf 81' lang='lat' dir='ltr'>stolidi</span> <span class='ocrx_word' id='word_1_38' title='bbox 625 1029 735 1125; x_wconf 91' lang='lat' dir='ltr'>magis</span> <span class='ocrx_word' id='word_1_39' title='bbox 760 1028 979 1100; x_wconf 90' lang='lat' dir='ltr'>admirantur</span> <span class='ocrx_word' id='word_1_40' title='bbox 1004 1039 1212 1124; x_wconf 87' lang='lat' dir='ltr'>arnantque,</span> 
     </span>
    </p>

    <p class='ocr_par' dir='ltr' id='par_1_7' title="bbox 216 1144 1098 1243">
     <span class='ocr_line' id='line_1_7' title="bbox 216 1144 1098 1243; baseline -0.002 -26"><span class='ocrx_word' id='word_1_41' title='bbox 216 1145 361 1217; x_wconf 90' lang='lat' dir='ltr'>inversis</span> <span class='ocrx_word' id='word_1_42' title='bbox 386 1171 476 1243; x_wconf 88' lang='lat' dir='ltr'>quae</span> <span class='ocrx_word' id='word_1_43' title='bbox 502 1146 568 1217; x_wconf 90' lang='lat' dir='ltr'>sub</span> <span class='ocrx_word' id='word_1_44' title='bbox 596 1145 708 1216; x_wconf 90' lang='lat' dir='ltr'>verbis</span> <span class='ocrx_word' id='word_1_45' title='bbox 734 1144 905 1216; x_wconf 80' lang='lat' dir='ltr'>latitantia</span> <span class='ocrx_word' id='word_1_46' title='bbox 932 1154 1098 1228; x_wconf 85' lang='lat' dir='ltr'>cernunt,</span> 
     </span>
    </p>

    <p class='ocr_par' dir='ltr' id='par_1_8' title="bbox 219 1260 1181 1357">
     <span class='ocr_line' id='line_1_8' title="bbox 219 1260 1181 1357; baseline -0.001 -25"><span class='ocrx_word' id='word_1_47' title='bbox 219 1286 369 1357; x_wconf 83' lang='lat' dir='ltr'>veraque</span> <span class='ocrx_word' id='word_1_48' title='bbox 395 1261 613 1332; x_wconf 87' lang='lat' dir='ltr'>constituunt</span> <span class='ocrx_word' id='word_1_49' title='bbox 639 1286 728 1357; x_wconf 72' lang='lat' dir='ltr'>(luae</span> <span class='ocrx_word' id='word_1_50' title='bbox 754 1260 845 1331; x_wconf 91' lang='lat' dir='ltr'>belle</span> <span class='ocrx_word' id='word_1_51' title='bbox 871 1267 1011 1356; x_wconf 88' lang='lat' dir='ltr'>tangere</span> <span class='ocrx_word' id='word_1_52' title='bbox 1038 1268 1181 1356; x_wconf 83' lang='lat' dir='ltr'>possunt</span> 
     </span>
    </p>

    <p class='ocr_par' dir='ltr' id='par_1_9' title="bbox 217 1376 1041 1474">
     <span class='ocr_line' id='line_1_9' title="bbox 217 1376 1041 1474; baseline 0.001 -27"><span class='ocrx_word' id='word_1_53' title='bbox 217 1376 311 1447; x_wconf 82' lang='lat' dir='ltr'>arrris</span> <span class='ocrx_word' id='word_1_54' title='bbox 336 1385 370 1448; x_wconf 88' lang='lat' dir='ltr'>et</span> <span class='ocrx_word' id='word_1_55' title='bbox 397 1376 513 1474; x_wconf 92' lang='lat' dir='ltr'>lepido</span> <span class='ocrx_word' id='word_1_56' title='bbox 539 1402 629 1473; x_wconf 86' lang='lat' dir='ltr'>quae</span> <span class='ocrx_word' id='word_1_57' title='bbox 655 1386 736 1449; x_wconf 93' lang='lat' dir='ltr'>sunt</span> <span class='ocrx_word' id='word_1_58' title='bbox 761 1378 876 1449; x_wconf 89' lang='lat' dir='ltr'>fucata</span> <span class='ocrx_word' id='word_1_59' title='bbox 901 1402 1041 1448; x_wconf 89' lang='lat' dir='ltr'>sonore.</span> 
     </span>
    </p>

    <p class='ocr_par' dir='ltr' id='par_1_10' title="bbox 263 1491 1446 1589">
     <span class='ocr_line' id='line_1_10' title="bbox 263 1491 1446 1589; baseline 0.001 -26"><span class='ocrx_word' id='word_1_60' title='bbox 263 1491 353 1563; x_wconf 79' lang='lat' dir='ltr'>Nam</span> <span class='ocrx_word' id='word_1_61' title='bbox 382 1517 445 1563; x_wconf 90' lang='lat' dir='ltr'>cur</span> <span class='ocrx_word' id='word_1_62' title='bbox 470 1502 541 1565; x_wconf 89' lang='lat' dir='ltr'>tarn</span> <span class='ocrx_word' id='word_1_63' title='bbox 568 1492 681 1564; x_wconf 91' lang='lat' dir='ltr'>variae</span> <span class='ocrx_word' id='word_1_64' title='bbox 707 1517 760 1563; x_wconf 91' lang='lat' dir='ltr'>ros</span> <span class='ocrx_word' id='word_1_65' title='bbox 786 1504 924 1588; x_wconf 90' lang='lat' dir='ltr'>possent</span> <span class='ocrx_word' id='word_1_66' title='bbox 949 1518 1045 1578; x_wconf 84' lang='lat' dir='ltr'>esse,</span> <span class='ocrx_word' id='word_1_67' title='bbox 1067 1493 1225 1589; x_wconf 88' lang='lat' dir='ltr'>requiro,</span> <span class='ocrx_word' id='word_1_68' title='bbox 1343 1529 1402 1580; x_wconf 78' lang='lat' dir='ltr'>arg.</span> <span class='ocrx_word' id='word_1_69' title='bbox 1420 1513 1446 1564; x_wconf 87' lang='lat'>1.</span> 
     </span>
    </p>

    <p class='ocr_par' dir='ltr' id='par_1_11' title="bbox 215 1607 989 1704">
     <span class='ocr_line' id='line_1_11' title="bbox 215 1607 989 1704; baseline -0.001 -25"><span class='ocrx_word' id='word_1_70' title='bbox 215 1633 257 1679; x_wconf 88' lang='lat' dir='ltr'>ex</span> <span class='ocrx_word' id='word_1_71' title='bbox 283 1632 354 1679; x_wconf 91' lang='lat' dir='ltr'>uno</span> <span class='ocrx_word' id='word_1_72' title='bbox 380 1608 408 1679; x_wconf 94' lang='lat' dir='ltr'>si</span> <span class='ocrx_word' id='word_1_73' title='bbox 434 1618 516 1680; x_wconf 93' lang='lat' dir='ltr'>sunt</span> <span class='ocrx_word' id='word_1_74' title='bbox 542 1607 615 1703; x_wconf 86' lang='lat' dir='ltr'>igni</span> <span class='ocrx_word' id='word_1_75' title='bbox 642 1633 801 1704; x_wconf 87' lang='lat' dir='ltr'>puroque</span> <span class='ocrx_word' id='word_1_76' title='bbox 827 1608 989 1680; x_wconf 76' lang='lat' dir='ltr'>creatae?</span> 
     </span>
    </p>

    <p class='ocr_par' dir='ltr' id='par_1_12' title="bbox 217 1722 1114 1821">
     <span class='ocr_line' id='line_1_12' title="bbox 217 1722 1114 1821; baseline 0.002 -28"><span class='ocrx_word' id='word_1_77' title='bbox 217 1723 267 1794; x_wconf 94' lang='lat' dir='ltr'>nil</span> <span class='ocrx_word' id='word_1_78' title='bbox 294 1722 470 1819; x_wconf 78' lang='lat' dir='ltr'>prodesset</span> <span class='ocrx_word' id='word_1_79' title='bbox 495 1723 590 1794; x_wconf 91' lang='lat' dir='ltr'>enirn</span> <span class='ocrx_word' id='word_1_80' title='bbox 616 1723 769 1795; x_wconf 90' lang='lat' dir='ltr'>calidum</span> <span class='ocrx_word' id='word_1_81' title='bbox 798 1724 973 1795; x_wconf 87' lang='lat' dir='ltr'>denserier</span> <span class='ocrx_word' id='word_1_82' title='bbox 998 1724 1114 1821; x_wconf 89' lang='lat' dir='ltr'>ignem</span> 
     </span>
    </p>

    <p class='ocr_par' dir='ltr' id='par_1_13' title="bbox 217 1838 960 1936">
     <span class='ocr_line' id='line_1_13' title="bbox 217 1838 960 1936; baseline 0.003 -27"><span class='ocrx_word' id='word_1_83' title='bbox 217 1863 280 1910; x_wconf 91' lang='lat' dir='ltr'>nec</span> <span class='ocrx_word' id='word_1_84' title='bbox 307 1838 477 1923; x_wconf 89' lang='lat' dir='ltr'>rareficri,</span> <span class='ocrx_word' id='word_1_85' title='bbox 505 1839 533 1910; x_wconf 94' lang='lat' dir='ltr'>si</span> <span class='ocrx_word' id='word_1_86' title='bbox 560 1848 673 1935; x_wconf 89' lang='lat' dir='ltr'>partes</span> <span class='ocrx_word' id='word_1_87' title='bbox 699 1839 790 1936; x_wconf 89' lang='lat' dir='ltr'>ignis</span> <span class='ocrx_word' id='word_1_88' title='bbox 816 1839 960 1911; x_wconf 89' lang='lat' dir='ltr'>eandem</span> 
     </span>
    </p>

    <p class='ocr_par' dir='ltr' id='par_1_14' title="bbox 119 1954 1219 2168">
     <span class='ocr_line' id='line_1_14' title="bbox 216 1954 1219 2052; baseline 0.004 -27"><span class='ocrx_word' id='word_1_89' title='bbox 216 1961 374 2026; x_wconf 88' lang='lat' dir='ltr'>naturam</span> <span class='ocrx_word' id='word_1_90' title='bbox 404 1979 510 2050; x_wconf 70' lang='lat' dir='ltr'>qutun</span> <span class='ocrx_word' id='word_1_91' title='bbox 537 1962 630 2026; x_wconf 90' lang='lat' dir='ltr'>totus</span> <span class='ocrx_word' id='word_1_92' title='bbox 659 1954 762 2026; x_wconf 87' lang='lat' dir='ltr'>habet</span> <span class='ocrx_word' id='word_1_93' title='bbox 787 1981 891 2052; x_wconf 91' lang='lat' dir='ltr'>super</span> <span class='ocrx_word' id='word_1_94' title='bbox 916 1956 1007 2052; x_wconf 88' lang='lat' dir='ltr'>ignis</span> <span class='ocrx_word' id='word_1_95' title='bbox 1034 1957 1219 2029; x_wconf 87' lang='lat' dir='ltr'>haberent.</span> 
     </span>
     <span class='ocr_line' id='line_1_15' title="bbox 119 2069 1097 2168; baseline 0.004 -28"><span class='ocrx_word' id='word_1_96' title='bbox 119 2089 171 2140; x_wconf 80' lang='lat'>650</span> <span class='ocrx_word' id='word_1_97' title='bbox 215 2069 326 2141; x_wconf 90' lang='lat' dir='ltr'>acrior</span> <span class='ocrx_word' id='word_1_98' title='bbox 352 2070 453 2141; x_wconf 90' lang='lat' dir='ltr'>ardor</span> <span class='ocrx_word' id='word_1_99' title='bbox 479 2070 573 2142; x_wconf 88' lang='lat' dir='ltr'>enirn</span> <span class='ocrx_word' id='word_1_100' title='bbox 601 2070 783 2142; x_wconf 87' lang='lat' dir='ltr'>conductis</span> <span class='ocrx_word' id='word_1_101' title='bbox 809 2072 967 2168; x_wconf 89' lang='lat' dir='ltr'>partibus</span> <span class='ocrx_word' id='word_1_102' title='bbox 992 2081 1097 2157; x_wconf 88' lang='lat' dir='ltr'>esset,</span> 
     </span>
    </p>

    <p class='ocr_par' dir='ltr' id='par_1_15' title="bbox 216 2183 1056 2284">
     <span class='ocr_line' id='line_1_16' title="bbox 216 2183 1056 2284; baseline 0.005 -29"><span class='ocrx_word' id='word_1_103' title='bbox 216 2183 416 2280; x_wconf 89' lang='lat' dir='ltr'>languidior</span> <span class='ocrx_word' id='word_1_104' title='bbox 441 2212 543 2283; x_wconf 92' lang='lat' dir='ltr'>porro</span> <span class='ocrx_word' id='word_1_105' title='bbox 570 2186 724 2258; x_wconf 88' lang='lat' dir='ltr'>disiectis</span> <span class='ocrx_word' id='word_1_106' title='bbox 750 2186 874 2283; x_wconf 85' lang='lat' dir='ltr'>disque</span> <span class='ocrx_word' id='word_1_107' title='bbox 900 2188 1056 2284; x_wconf 90' lang='lat' dir='ltr'>supatis:</span> 
     </span>
    </p>

    <p class='ocr_par' dir='ltr' id='par_1_16' title="bbox 216 2300 1091 2400">
     <span class='ocr_line' id='line_1_17' title="bbox 216 2300 1091 2400; baseline 0.003 -29"><span class='ocrx_word' id='word_1_108' title='bbox 216 2300 369 2397; x_wconf 89' lang='lat' dir='ltr'>amplius</span> <span class='ocrx_word' id='word_1_109' title='bbox 395 2301 459 2374; x_wconf 85' lang='lat' dir='ltr'>lroc</span> <span class='ocrx_word' id='word_1_110' title='bbox 486 2302 561 2374; x_wconf 88' lang='lat' dir='ltr'>fieri</span> <span class='ocrx_word' id='word_1_111' title='bbox 588 2301 637 2373; x_wconf 93' lang='lat' dir='ltr'>nil</span> <span class='ocrx_word' id='word_1_112' title='bbox 664 2302 836 2398; x_wconf 83' lang='lat' dir='ltr'>estquod</span> <span class='ocrx_word' id='word_1_113' title='bbox 863 2329 960 2400; x_wconf 90' lang='lat' dir='ltr'>posse</span> <span class='ocrx_word' id='word_1_114' title='bbox 986 2304 1091 2376; x_wconf 88' lang='lat' dir='ltr'>rearis</span> 
     </span>
    </p>

    <p class='ocr_par' dir='ltr' id='par_1_17' title="bbox 216 2415 1064 2502">
     <span class='ocr_line' id='line_1_18' title="bbox 216 2415 1064 2502; baseline 0.004 -14"><span class='ocrx_word' id='word_1_115' title='bbox 216 2415 347 2488; x_wconf 91' lang='lat' dir='ltr'>talibus</span> <span class='ocrx_word' id='word_1_116' title='bbox 372 2417 408 2488; x_wconf 94' lang='lat' dir='ltr'>in</span> <span class='ocrx_word' id='word_1_117' title='bbox 436 2419 566 2502; x_wconf 90' lang='lat' dir='ltr'>causis,</span> <span class='ocrx_word' id='word_1_118' title='bbox 596 2417 724 2490; x_wconf 88' lang='lat' dir='ltr'>nedum</span> <span class='ocrx_word' id='word_1_119' title='bbox 753 2418 921 2491; x_wconf 90' lang='lat' dir='ltr'>variantia</span> <span class='ocrx_word' id='word_1_120' title='bbox 948 2445 1064 2491; x_wconf 86' lang='lat' dir='ltr'>reruni</span> 
     </span>
    </p>
   </div>
   <div class='ocr_carea' id='block_1_2' title="bbox 118 2585 1345 3232">
    <p class='ocr_par' dir='ltr' id='par_1_18' title="bbox 118 2585 1345 3232">
     <span class='ocr_line' id='line_1_19' title="bbox 162 2585 1344 2671; baseline 0.004 -23"><span class='ocrx_word' id='word_1_121' title='bbox 162 2586 236 2648; x_wconf 83' lang='grc'><strong>636.</strong></span> <span class='ocrx_word' id='word_1_122' title='bbox 273 2615 398 2650; x_wconf 75' lang='lat' dir='ltr'>surrentum</span> <span class='ocrx_word' id='word_1_123' title='bbox 425 2614 462 2649; x_wconf 88' lang='lat' dir='ltr'>se.</span> <span class='ocrx_word' id='word_1_124' title='bbox 490 2613 581 2648; x_wconf 89' lang='lat' dir='ltr'>rerum</span> <span class='ocrx_word' id='word_1_125' title='bbox 606 2598 688 2664; x_wconf 81' lang='lat'>(635).</span> <span class='ocrx_word' id='word_1_126' title='bbox 734 2585 808 2646; x_wconf 85' lang='grc'><strong>637.</strong></span> <span class='ocrx_word' id='word_1_127' title='bbox 845 2597 914 2664; x_wconf 81' lang='lat' dir='ltr'>lapsi</span> <span class='ocrx_word' id='word_1_128' title='bbox 930 2598 1046 2649; x_wconf 67' lang='lat' dir='ltr'>ariolantur</span> <span class='ocrx_word' id='word_1_129' title='bbox 1064 2599 1082 2649; x_wconf 93' lang='lat' dir='ltr'>i.</span> <span class='ocrx_word' id='word_1_130' title='bbox 1102 2615 1125 2650; x_wconf 89' lang='lat' dir='ltr'>e.</span> <span class='ocrx_word' id='word_1_131' title='bbox 1144 2587 1344 2671; x_wconf 69' lang='grc' dir='ltr'><strong><em>ἐσφαλμένοι</em></strong></span> 
     </span>
     <span class='ocr_line' id='line_1_20' title="bbox 122 2680 1345 2768; baseline -0.001 -20"><span class='ocrx_word' id='word_1_132' title='bbox 122 2685 302 2768; x_wconf 82' lang='grc' dir='ltr'><em>φαίνονται.</em></span> <span class='ocrx_word' id='word_1_133' title='bbox 349 2680 424 2743; x_wconf 83' lang='grc'><strong>633.</strong></span> <span class='ocrx_word' id='word_1_134' title='bbox 462 2693 525 2744; x_wconf 87' lang='lat' dir='ltr'>Luc.</span> <span class='ocrx_word' id='word_1_135' title='bbox 553 2695 688 2760; x_wconf 85' lang='lat' dir='ltr'>imprimis</span> <span class='ocrx_word' id='word_1_136' title='bbox 716 2693 847 2744; x_wconf 84' lang='lat' dir='ltr'>Heracliti</span> <span class='ocrx_word' id='word_1_137' title='bbox 877 2693 996 2760; x_wconf 87' lang='lat' dir='ltr'>Ephesii,</span> <span class='ocrx_word' id='word_1_138' title='bbox 1025 2695 1072 2760; x_wconf 86' lang='lat' dir='ltr'>qui</span> <span class='ocrx_word' id='word_1_139' title='bbox 1094 2693 1187 2747; x_wconf 88' lang='lat' dir='ltr'>floruit</span> <span class='ocrx_word' id='word_1_140' title='bbox 1206 2711 1228 2746; x_wconf 90' lang='lat' dir='ltr'>c.</span> <span class='ocrx_word' id='word_1_141' title='bbox 1248 2711 1272 2746; x_wconf 87' lang='lat' dir='ltr'>a.</span> <span class='ocrx_word' id='word_1_142' title='bbox 1292 2696 1345 2747; x_wconf 89' lang='grc'>500</span> 
     </span>
     <span class='ocr_line' id='line_1_21' title="bbox 124 2790 1343 2858; baseline 0.001 -16"><span class='ocrx_word' id='word_1_143' title='bbox 124 2791 270 2844; x_wconf 77' lang='lat' dir='ltr'>doctrinam</span> <span class='ocrx_word' id='word_1_144' title='bbox 304 2793 460 2858; x_wconf 85' lang='lat' dir='ltr'>impugnat,</span> <span class='ocrx_word' id='word_1_145' title='bbox 495 2796 636 2858; x_wconf 87' lang='lat' dir='ltr'>propterca</span> <span class='ocrx_word' id='word_1_146' title='bbox 664 2791 738 2857; x_wconf 82' lang='lat' dir='ltr'>quod</span> <span class='ocrx_word' id='word_1_147' title='bbox 767 2790 849 2841; x_wconf 87' lang='lat' dir='ltr'>Stoici</span> <span class='ocrx_word' id='word_1_148' title='bbox 881 2791 1077 2857; x_wconf 85' lang='lat' dir='ltr'>Epicureorum</span> <span class='ocrx_word' id='word_1_149' title='bbox 1105 2791 1254 2843; x_wconf 88' lang='lat' dir='ltr'>adversarii</span> <span class='ocrx_word' id='word_1_150' title='bbox 1284 2808 1343 2844; x_wconf 88' lang='lat' dir='ltr'>earn</span> 
     </span>
     <span class='ocr_line' id='line_1_22' title="bbox 124 2867 1345 2949; baseline 0.002 -18"><span class='ocrx_word' id='word_1_151' title='bbox 124 2881 312 2947; x_wconf 85' lang='lat' dir='ltr'>sequebantur.</span> <span class='ocrx_word' id='word_1_152' title='bbox 358 2867 432 2929; x_wconf 82' lang='grc'><strong>639.</strong></span> <span class='ocrx_word' id='word_1_153' title='bbox 473 2879 605 2931; x_wconf 85' lang='lat' dir='ltr'>Attendas</span> <span class='ocrx_word' id='word_1_154' title='bbox 624 2880 657 2931; x_wconf 87' lang='lat' dir='ltr'>ad</span> <span class='ocrx_word' id='word_1_155' title='bbox 678 2881 888 2948; x_wconf 85' lang='lat' dir='ltr'>ambiguitatem</span> <span class='ocrx_word' id='word_1_156' title='bbox 909 2881 982 2932; x_wconf 87' lang='lat' dir='ltr'>vocis</span> <span class='ocrx_word' id='word_1_157' title='bbox 1001 2882 1093 2943; x_wconf 77' lang='lat' dir='ltr'>clarus,</span> <span class='ocrx_word' id='word_1_158' title='bbox 1112 2897 1183 2948; x_wconf 89' lang='lat' dir='ltr'>quae</span> <span class='ocrx_word' id='word_1_159' title='bbox 1202 2886 1229 2932; x_wconf 92' lang='lat' dir='ltr'>et</span> <span class='ocrx_word' id='word_1_160' title='bbox 1233 2881 1345 2949; x_wconf 84' lang='lat' dir='ltr'>facilem</span> 
     </span>
     <span class='ocr_line' id='line_1_23' title="bbox 122 2957 1344 3038; baseline 0.004 -20"><span class='ocrx_word' id='word_1_161' title='bbox 122 2969 238 3021; x_wconf 85' lang='lat' dir='ltr'>intellecta</span> <span class='ocrx_word' id='word_1_162' title='bbox 257 2975 283 3021; x_wconf 91' lang='lat' dir='ltr'>et</span> <span class='ocrx_word' id='word_1_163' title='bbox 302 2969 408 3019; x_wconf 86' lang='lat' dir='ltr'>nobilem</span> <span class='ocrx_word' id='word_1_164' title='bbox 427 2970 572 3036; x_wconf 86' lang='lat' dir='ltr'>significat.</span> <span class='ocrx_word' id='word_1_165' title='bbox 618 2957 693 3017; x_wconf 87' lang='grc'><strong>640.</strong></span> <span class='ocrx_word' id='word_1_166' title='bbox 731 2969 838 3036; x_wconf 75' lang='lat' dir='ltr'>procide</span> <span class='ocrx_word' id='word_1_167' title='bbox 857 2971 875 3020; x_wconf 91' lang='lat' dir='ltr'>i.</span> <span class='ocrx_word' id='word_1_168' title='bbox 894 2985 917 3020; x_wconf 88' lang='lat' dir='ltr'>e.</span> <span class='ocrx_word' id='word_1_169' title='bbox 937 2985 1029 3035; x_wconf 88' lang='lat' dir='ltr'>quam.</span> <span class='ocrx_word' id='word_1_170' title='bbox 1049 2970 1155 3021; x_wconf 87' lang='lat' dir='ltr'>Ennius</span> <span class='ocrx_word' id='word_1_171' title='bbox 1172 2971 1344 3038; x_wconf 89' lang='lat' dir='ltr'>qnoquehac</span> 
     </span>
     <span class='ocr_line' id='line_1_24' title="bbox 120 3039 1344 3138; baseline 0.001 -29"><span class='ocrx_word' id='word_1_172' title='bbox 120 3058 206 3110; x_wconf 83' lang='lat' dir='ltr'>forma</span> <span class='ocrx_word' id='word_1_173' title='bbox 239 3073 304 3110; x_wconf 89' lang='lat' dir='ltr'>usus</span> <span class='ocrx_word' id='word_1_174' title='bbox 337 3063 385 3109; x_wconf 87' lang='lat' dir='ltr'>est.</span> <span class='ocrx_word' id='word_1_175' title='bbox 432 3045 507 3106; x_wconf 86' lang='grc'><strong>642.</strong></span> <span class='ocrx_word' id='word_1_176' title='bbox 545 3059 644 3110; x_wconf 81' lang='lat' dir='ltr'>inuersa</span> <span class='ocrx_word' id='word_1_177' title='bbox 677 3059 750 3110; x_wconf 84' lang='lat' dir='ltr'>uerbo</span> <span class='ocrx_word' id='word_1_178' title='bbox 779 3061 797 3111; x_wconf 86' lang='lat' dir='ltr'>i.</span> <span class='ocrx_word' id='word_1_179' title='bbox 825 3078 848 3113; x_wconf 94' lang='lat' dir='ltr'>e.</span> <span class='ocrx_word' id='word_1_180' title='bbox 878 3039 1076 3138; x_wconf 79' lang='grc' dir='ltr'><em>ἇλληγόριαι.</em></span> <span class='ocrx_word' id='word_1_181' title='bbox 1114 3060 1209 3125; x_wconf 81' lang='lat' dir='ltr'>Quint.</span> <span class='ocrx_word' id='word_1_182' title='bbox 1238 3059 1344 3122; x_wconf 86' lang='lat'>8‚6,44:</span> 
     </span>
     <span class='ocr_line' id='line_1_25' title="bbox 118 3136 1344 3232; baseline -0.002 -24"><span class='ocrx_word' id='word_1_183' title='bbox 118 3136 324 3232; x_wconf 73' lang='grc' dir='ltr'><em>,,ἆλληγόρια,</em></span> <span class='ocrx_word' id='word_1_184' title='bbox 341 3170 423 3221; x_wconf 84' lang='lat' dir='ltr'>qnam</span> <span class='ocrx_word' id='word_1_185' title='bbox 436 3154 600 3206; x_wconf 80' lang='lat' dir='ltr'>inversionem</span> <span class='ocrx_word' id='word_1_186' title='bbox 610 3156 835 3223; x_wconf 85' lang='lat' dir='ltr'>interpretantur,</span> <span class='ocrx_word' id='word_1_187' title='bbox 846 3157 923 3208; x_wconf 87' lang='lat' dir='ltr'>alind</span> <span class='ocrx_word' id='word_1_188' title='bbox 935 3157 1025 3208; x_wconf 90' lang='lat' dir='ltr'>verbis</span> <span class='ocrx_word' id='word_1_189' title='bbox 1035 3155 1111 3207; x_wconf 88' lang='lat' dir='ltr'>aliud</span> <span class='ocrx_word' id='word_1_190' title='bbox 1123 3172 1204 3207; x_wconf 89' lang='lat' dir='ltr'>sensu</span> <span class='ocrx_word' id='word_1_191' title='bbox 1215 3154 1344 3216; x_wconf 90' lang='lat' dir='ltr'>ostendit,</span> 
     </span>
    </p>
   </div>
   <div class='ocr_carea' id='block_1_3' title="bbox 118 3249 1345 3498">
    <p class='ocr_par' dir='ltr' id='par_1_19' title="bbox 118 3249 1345 3498">
     <span class='ocr_line' id='line_1_26' title="bbox 118 3249 1344 3315; baseline -0.001 -12"><span class='ocrx_word' id='word_1_192' title='bbox 118 3252 199 3303; x_wconf 86' lang='lat' dir='ltr'>etiam</span> <span class='ocrx_word' id='word_1_193' title='bbox 219 3252 330 3303; x_wconf 89' lang='lat' dir='ltr'>interim</span> <span class='ocrx_word' id='word_1_194' title='bbox 350 3249 545 3302; x_wconf 87' lang='lat' dir='ltr'>contrar·ium.&#39;&#39;</span> <span class='ocrx_word' id='word_1_195' title='bbox 583 3251 657 3303; x_wconf 91' lang='lat' dir='ltr'>lllnd</span> <span class='ocrx_word' id='word_1_196' title='bbox 677 3250 771 3305; x_wconf 83' lang='lat' dir='ltr'>Cicero</span> <span class='ocrx_word' id='word_1_197' title='bbox 791 3252 824 3304; x_wconf 90' lang='lat' dir='ltr'>de</span> <span class='ocrx_word' id='word_1_198' title='bbox 839 3252 884 3304; x_wconf 84' lang='lat' dir='ltr'>Or.</span> <span class='ocrx_word' id='word_1_199' title='bbox 896 3252 973 3315; x_wconf 62' lang='lat'>2361</span> <span class='ocrx_word' id='word_1_200' title='bbox 985 3252 1052 3303; x_wconf 88' lang='lat' dir='ltr'>dicit</span> <span class='ocrx_word' id='word_1_201' title='bbox 1062 3253 1235 3302; x_wconf 87' lang='lat' dir='ltr'>immutatam</span> <span class='ocrx_word' id='word_1_202' title='bbox 1246 3252 1344 3303; x_wconf 87' lang='lat' dir='ltr'>oratio·</span> 
     </span>
     <span class='ocr_line' id='line_1_27' title="bbox 119 3338 1344 3407; baseline 0.001 -17"><span class='ocrx_word' id='word_1_203' title='bbox 119 3356 179 3392; x_wconf 92' lang='lat' dir='ltr'>nem</span> <span class='ocrx_word' id='word_1_204' title='bbox 208 3346 259 3391; x_wconf 87' lang='lat' dir='ltr'>aut</span> <span class='ocrx_word' id='word_1_205' title='bbox 285 3340 380 3407; x_wconf 88' lang='lat' dir='ltr'>(unius</span> <span class='ocrx_word' id='word_1_206' title='bbox 408 3340 496 3406; x_wconf 87' lang='lat' dir='ltr'>verbi)</span> <span class='ocrx_word' id='word_1_207' title='bbox 522 3340 748 3404; x_wconf 64' lang='lat' dir='ltr'>translationem</span> <span class='ocrx_word' id='word_1_208' title='bbox 768 3342 818 3393; x_wconf 91' lang='lat' dir='ltr'>hoc</span> <span class='ocrx_word' id='word_1_209' title='bbox 838 3343 1022 3394; x_wconf 87' lang='lat' dir='ltr'>inversionem</span> <span class='ocrx_word' id='word_1_210' title='bbox 1043 3341 1197 3392; x_wconf 90' lang='lat' dir='ltr'>verborum.</span> <span class='ocrx_word' id='word_1_211' title='bbox 1235 3338 1291 3391; x_wconf 87' lang='lat' dir='ltr'>Cic.</span> <span class='ocrx_word' id='word_1_212' title='bbox 1311 3339 1344 3391; x_wconf 90' lang='lat' dir='ltr'>de</span> 
     </span>
     <span class='ocr_line' id='line_1_28' title="bbox 118 3419 1345 3498; baseline 0.001 -18"><span class='ocrx_word' id='word_1_213' title='bbox 118 3429 163 3481; x_wconf 89' lang='lat' dir='ltr'>lin.</span> <span class='ocrx_word' id='word_1_214' title='bbox 183 3429 244 3492; x_wconf 83' lang='lat'>2,15</span> <span class='ocrx_word' id='word_1_215' title='bbox 263 3428 409 3480; x_wconf 73' lang='lat' dir='ltr'>Heraclitus</span> <span class='ocrx_word' id='word_1_216' title='bbox 427 3437 586 3496; x_wconf 67' lang='lat' dir='ltr'>cognocerento</span> <span class='ocrx_word' id='word_1_217' title='bbox 601 3430 646 3497; x_wconf 83' lang='lat' dir='ltr'>qui</span> <span class='ocrx_word' id='word_1_218' title='bbox 663 3419 826 3492; x_wconf 77' lang='grc' dir='ltr'><em>σκοτεινάς</em></span> <span class='ocrx_word' id='word_1_219' title='bbox 846 3431 998 3498; x_wconf 77' lang='lat' dir='ltr'>perbihetur,</span> <span class='ocrx_word' id='word_1_220' title='bbox 1027 3430 1087 3497; x_wconf 82' lang='lat' dir='ltr'>qnia</span> <span class='ocrx_word' id='word_1_221' title='bbox 1107 3429 1248 3480; x_wconf 83' lang='lat' dir='ltr'>denatura</span> <span class='ocrx_word' id='word_1_222' title='bbox 1268 3428 1345 3481; x_wconf 82' lang='lat' dir='ltr'>nimis</span> 
     </span>
    </p>
   </div>
   <div class='ocr_carea' id='block_1_4' title="bbox 118 3524 1347 4520">
    <p class='ocr_par' dir='ltr' id='par_1_20' title="bbox 118 3524 1347 4520">
     <span class='ocr_line' id='line_1_29' title="bbox 118 3524 1344 3595; baseline 0.001 -19"><span class='ocrx_word' id='word_1_223' title='bbox 118 3525 219 3577; x_wconf 82' lang='lat' dir='ltr'>obscure</span> <span class='ocrx_word' id='word_1_224' title='bbox 246 3525 400 3576; x_wconf 83' lang='lat' dir='ltr'>memorauit.</span> <span class='ocrx_word' id='word_1_225' title='bbox 438 3526 573 3593; x_wconf 88' lang='lat' dir='ltr'>Epicurus</span> <span class='ocrx_word' id='word_1_226' title='bbox 592 3533 687 3579; x_wconf 91' lang='lat' dir='ltr'>contra</span> <span class='ocrx_word' id='word_1_227' title='bbox 706 3527 871 3594; x_wconf 87' lang='lat' dir='ltr'>discipulum</span> <span class='ocrx_word' id='word_1_228' title='bbox 892 3525 1060 3579; x_wconf 91' lang='lat' dir='ltr'>Herodotum</span> <span class='ocrx_word' id='word_1_229' title='bbox 1080 3525 1159 3578; x_wconf 89' lang='lat' dir='ltr'>docet</span> <span class='ocrx_word' id='word_1_230' title='bbox 1178 3525 1244 3577; x_wconf 89' lang='lat' dir='ltr'>haec</span> <span class='ocrx_word' id='word_1_231' title='bbox 1263 3524 1274 3595; x_wconf 65' lang='lat' dir='ltr'>t</span> <span class='ocrx_word' id='word_1_232' title='bbox 1293 3526 1344 3578; x_wconf 88' lang='lat'>38:</span> 
     </span>
     <span class='ocr_line' id='line_1_30' title="bbox 120 3606 1345 3703; baseline 0 -25"><span class='ocrx_word' id='word_1_233' title='bbox 120 3606 240 3702; x_wconf 75' lang='grc' dir='ltr'><em>ἀνάγκη</em></span> <span class='ocrx_word' id='word_1_234' title='bbox 265 3613 324 3701; x_wconf 86' lang='grc' dir='ltr'>γὰρ</span> <span class='ocrx_word' id='word_1_235' title='bbox 351 3613 389 3679; x_wconf 81' lang='grc' dir='ltr'>τὸ</span> <span class='ocrx_word' id='word_1_236' title='bbox 413 3616 543 3699; x_wconf 82' lang='grc' dir='ltr'><em>πρῶτον</em></span> <span class='ocrx_word' id='word_1_237' title='bbox 567 3614 709 3703; x_wconf 80' lang='grc' dir='ltr'><em>ἐννόημα</em></span> <span class='ocrx_word' id='word_1_238' title='bbox 733 3609 809 3679; x_wconf 67' lang='grc' dir='ltr'>καθ’</span> <span class='ocrx_word' id='word_1_239' title='bbox 832 3617 968 3680; x_wconf 67' lang='grc' dir='ltr'><em>ἕκαστον</em></span> <span class='ocrx_word' id='word_1_240' title='bbox 993 3614 1143 3698; x_wconf 68' lang='grc' dir='ltr'><em>φθόγγον</em></span> <span class='ocrx_word' id='word_1_241' title='bbox 1159 3615 1345 3698; x_wconf 75' lang='grc' dir='ltr'><strong><em>βλέπεσθαι</em></strong></span> 
     </span>
     <span class='ocr_line' id='line_1_31' title="bbox 118 3703 1344 3798; baseline 0.002 -26"><span class='ocrx_word' id='word_1_242' title='bbox 118 3707 170 3773; x_wconf 77' lang='grc' dir='ltr'>καὶ</span> <span class='ocrx_word' id='word_1_243' title='bbox 193 3710 303 3798; x_wconf 64' lang='grc' dir='ltr'><em>μηθὲν</em></span> <span class='ocrx_word' id='word_1_244' title='bbox 327 3703 520 3788; x_wconf 70' lang='grc' dir='ltr'><em>ἀποδείξεως</em></span> <span class='ocrx_word' id='word_1_245' title='bbox 540 3711 762 3795; x_wconf 65' lang='grc' dir='ltr'><em>προσδεῖσθαι</em></span> <span class='ocrx_word' id='word_1_246' title='bbox 781 3724 798 3774; x_wconf 91' lang='lat' dir='ltr'>i.</span> <span class='ocrx_word' id='word_1_247' title='bbox 818 3739 841 3774; x_wconf 91' lang='lat' dir='ltr'>e.</span> <span class='ocrx_word' id='word_1_248' title='bbox 861 3725 979 3790; x_wconf 89' lang='lat' dir='ltr'>primum</span> <span class='ocrx_word' id='word_1_249' title='bbox 1000 3724 1073 3774; x_wconf 92' lang='lat' dir='ltr'>enim</span> <span class='ocrx_word' id='word_1_250' title='bbox 1094 3737 1200 3773; x_wconf 85' lang='lat' dir='ltr'>necesse</span> <span class='ocrx_word' id='word_1_251' title='bbox 1220 3727 1260 3774; x_wconf 89' lang='lat' dir='ltr'>est</span> <span class='ocrx_word' id='word_1_252' title='bbox 1281 3738 1344 3775; x_wconf 90' lang='lat' dir='ltr'>voce</span> 
     </span>
     <span class='ocr_line' id='line_1_32' title="bbox 118 3806 1347 3887; baseline 0.003 -20"><span class='ocrx_word' id='word_1_253' title='bbox 118 3832 167 3868; x_wconf 85' lang='lat' dir='ltr'>sua</span> <span class='ocrx_word' id='word_1_254' title='bbox 195 3833 335 3885; x_wconf 87' lang='lat' dir='ltr'>quamque</span> <span class='ocrx_word' id='word_1_255' title='bbox 364 3819 503 3871; x_wconf 90' lang='lat' dir='ltr'>notionem</span> <span class='ocrx_word' id='word_1_256' title='bbox 534 3820 647 3885; x_wconf 87' lang='lat' dir='ltr'>perspici</span> <span class='ocrx_word' id='word_1_257' title='bbox 669 3835 758 3885; x_wconf 88' lang='lat' dir='ltr'>neque</span> <span class='ocrx_word' id='word_1_258' title='bbox 777 3818 961 3886; x_wconf 85' lang='lat' dir='ltr'>explicatione</span> <span class='ocrx_word' id='word_1_259' title='bbox 981 3818 1114 3886; x_wconf 86' lang='lat' dir='ltr'>indigere.</span> <span class='ocrx_word' id='word_1_260' title='bbox 1161 3806 1235 3866; x_wconf 87' lang='grc'><strong>649.</strong></span> <span class='ocrx_word' id='word_1_261' title='bbox 1272 3836 1347 3887; x_wconf 82' lang='lat' dir='ltr'>snper</span> 
     </span>
     <span class='ocr_line' id='line_1_33' title="bbox 118 3894 1345 3974; baseline 0.003 -19"><span class='ocrx_word' id='word_1_262' title='bbox 118 3906 136 3956; x_wconf 89' lang='lat' dir='ltr'>i.</span> <span class='ocrx_word' id='word_1_263' title='bbox 164 3922 187 3957; x_wconf 89' lang='lat' dir='ltr'>e.</span> <span class='ocrx_word' id='word_1_264' title='bbox 215 3907 336 3974; x_wconf 87' lang='lat' dir='ltr'>insuper,</span> <span class='ocrx_word' id='word_1_265' title='bbox 361 3909 452 3971; x_wconf 91' lang='lat' dir='ltr'>etiam,</span> <span class='ocrx_word' id='word_1_266' title='bbox 472 3914 503 3959; x_wconf 91' lang='lat' dir='ltr'>nt</span> <span class='ocrx_word' id='word_1_267' title='bbox 522 3909 608 3970; x_wconf 70' lang='lat' dir='ltr'>aeta</span> <span class='ocrx_word' id='word_1_268' title='bbox 628 3909 697 3971; x_wconf 82' lang='lat'>9013</span> <span class='ocrx_word' id='word_1_269' title='bbox 718 3908 814 3970; x_wconf 80' lang='lat'>5,763;</span> <span class='ocrx_word' id='word_1_270' title='bbox 834 3909 921 3970; x_wconf 71' lang='lat' dir='ltr'>aem.</span> <span class='ocrx_word' id='word_1_271' title='bbox 967 3894 1042 3956; x_wconf 86' lang='grc'><strong>653.</strong></span> <span class='ocrx_word' id='word_1_272' title='bbox 1079 3923 1157 3958; x_wconf 84' lang='lat' dir='ltr'>conso</span> <span class='ocrx_word' id='word_1_273' title='bbox 1176 3909 1194 3958; x_wconf 91' lang='lat' dir='ltr'>i.</span> <span class='ocrx_word' id='word_1_274' title='bbox 1214 3924 1237 3959; x_wconf 87' lang='lat' dir='ltr'>e.</span> <span class='ocrx_word' id='word_1_275' title='bbox 1258 3910 1345 3974; x_wconf 91' lang='lat' dir='ltr'>prima</span> 
     </span>
     <span class='ocr_line' id='line_1_34' title="bbox 118 3983 1345 4065; baseline 0.001 -18"><span class='ocrx_word' id='word_1_276' title='bbox 118 3997 241 4057; x_wconf 89' lang='lat' dir='ltr'>materia,</span> <span class='ocrx_word' id='word_1_277' title='bbox 273 3996 380 4064; x_wconf 78' lang='lat' dir='ltr'>b&#39;rstoff.</span> <span class='ocrx_word' id='word_1_278' title='bbox 413 3983 510 4050; x_wconf 81' lang='grc' dir='ltr'><strong>αἰτία.</strong></span> <span class='ocrx_word' id='word_1_279' title='bbox 545 4028 579 4034; x_wconf 98' lang='grc'>-</span> <span class='ocrx_word' id='word_1_280' title='bbox 608 3998 736 4048; x_wconf 86' lang='lat' dir='ltr'>roriontio</span> <span class='ocrx_word' id='word_1_281' title='bbox 766 4014 814 4065; x_wconf 92' lang='lat' dir='ltr'>pro</span> <span class='ocrx_word' id='word_1_282' title='bbox 842 3999 967 4058; x_wconf 88' lang='lat' dir='ltr'>varietas,</span> <span class='ocrx_word' id='word_1_283' title='bbox 996 4013 1086 4064; x_wconf 74' lang='lat' dir='ltr'>oeqror</span> <span class='ocrx_word' id='word_1_284' title='bbox 1114 4011 1162 4063; x_wconf 92' lang='lat' dir='ltr'>pro</span> <span class='ocrx_word' id='word_1_285' title='bbox 1191 3996 1345 4064; x_wconf 87' lang='lat' dir='ltr'>aegritudo,</span> 
     </span>
     <span class='ocr_line' id='line_1_35' title="bbox 118 4092 1345 4162; baseline 0.002 -20"><span class='ocrx_word' id='word_1_286' title='bbox 118 4093 264 4144; x_wconf 74' lang='lat' dir='ltr'>inurimitoa</span> <span class='ocrx_word' id='word_1_287' title='bbox 293 4109 341 4161; x_wconf 89' lang='lat' dir='ltr'>pro</span> <span class='ocrx_word' id='word_1_288' title='bbox 366 4094 538 4161; x_wconf 87' lang='lat' dir='ltr'>magnitudo,</span> <span class='ocrx_word' id='word_1_289' title='bbox 554 4094 679 4162; x_wconf 70' lang='lat' dir='ltr'>pestilitas</span> <span class='ocrx_word' id='word_1_290' title='bbox 699 4111 747 4162; x_wconf 92' lang='lat' dir='ltr'>pro</span> <span class='ocrx_word' id='word_1_291' title='bbox 768 4095 931 4161; x_wconf 87' lang='lat' dir='ltr'>pestilentia,</span> <span class='ocrx_word' id='word_1_292' title='bbox 951 4094 1105 4161; x_wconf 64' lang='lat' dir='ltr'>dispositore</span> <span class='ocrx_word' id='word_1_293' title='bbox 1126 4108 1174 4160; x_wconf 89' lang='lat' dir='ltr'>pro</span> <span class='ocrx_word' id='word_1_294' title='bbox 1194 4092 1345 4159; x_wconf 70' lang='lat' dir='ltr'>dispositio</span> 
     </span>
     <span class='ocr_line' id='line_1_36' title="bbox 118 4182 1347 4251; baseline 0.001 -19"><span class='ocrx_word' id='word_1_295' title='bbox 118 4182 246 4249; x_wconf 72' lang='lat' dir='ltr'>differitas</span> <span class='ocrx_word' id='word_1_296' title='bbox 267 4198 315 4250; x_wconf 91' lang='lat' dir='ltr'>pro</span> <span class='ocrx_word' id='word_1_297' title='bbox 334 4182 496 4245; x_wconf 71' lang='lat' dir='ltr'>differentia,</span> <span class='ocrx_word' id='word_1_298' title='bbox 516 4184 641 4250; x_wconf 80' lang='lat' dir='ltr'>refutatus</span> <span class='ocrx_word' id='word_1_299' title='bbox 661 4201 709 4251; x_wconf 93' lang='lat' dir='ltr'>pro</span> <span class='ocrx_word' id='word_1_300' title='bbox 729 4185 867 4244; x_wconf 87' lang='lat' dir='ltr'>refut-atio,</span> <span class='ocrx_word' id='word_1_301' title='bbox 882 4183 986 4234; x_wconf 75' lang='lat' dir='ltr'>enrirsus</span> <span class='ocrx_word' id='word_1_302' title='bbox 998 4198 1045 4248; x_wconf 91' lang='lat' dir='ltr'>pro</span> <span class='ocrx_word' id='word_1_303' title='bbox 1056 4183 1173 4244; x_wconf 89' lang='lat' dir='ltr'>emissio,</span> <span class='ocrx_word' id='word_1_304' title='bbox 1184 4189 1347 4233; x_wconf 80' lang='lat' dir='ltr'>cornmntatua</span> 
     </span>
     <span class='ocr_line' id='line_1_37' title="bbox 119 4269 1347 4340; baseline -0.002 -18"><span class='ocrx_word' id='word_1_305' title='bbox 119 4287 168 4338; x_wconf 92' lang='lat' dir='ltr'>pro</span> <span class='ocrx_word' id='word_1_306' title='bbox 188 4273 375 4334; x_wconf 86' lang='lat' dir='ltr'>commutatio,</span> <span class='ocrx_word' id='word_1_307' title='bbox 395 4272 512 4339; x_wconf 83' lang='lat' dir='ltr'>opinatus</span> <span class='ocrx_word' id='word_1_308' title='bbox 533 4288 580 4339; x_wconf 92' lang='lat' dir='ltr'>pro</span> <span class='ocrx_word' id='word_1_309' title='bbox 600 4274 732 4340; x_wconf 90' lang='lat' dir='ltr'>opinatio,</span> <span class='ocrx_word' id='word_1_310' title='bbox 737 4272 888 4339; x_wconf 76' lang='lat' dir='ltr'>j&#39;orrnoturo</span> <span class='ocrx_word' id='word_1_311' title='bbox 900 4287 947 4338; x_wconf 90' lang='lat' dir='ltr'>pro</span> <span class='ocrx_word' id='word_1_312' title='bbox 957 4271 1137 4322; x_wconf 84' lang='lat' dir='ltr'>conformatio</span> <span class='ocrx_word' id='word_1_313' title='bbox 1149 4286 1203 4321; x_wconf 93' lang='lat' dir='ltr'>non</span> <span class='ocrx_word' id='word_1_314' title='bbox 1215 4269 1347 4337; x_wconf 87' lang='lat' dir='ltr'>leguntur</span> 
     </span>
     <span class='ocr_line' id='line_1_38' title="bbox 119 4357 1346 4429; baseline -0.002 -18"><span class='ocrx_word' id='word_1_315' title='bbox 119 4362 170 4412; x_wconf 86' lang='lat' dir='ltr'>nisi</span> <span class='ocrx_word' id='word_1_316' title='bbox 182 4360 254 4428; x_wconf 85' lang='lat' dir='ltr'>apn&#39;d</span> <span class='ocrx_word' id='word_1_317' title='bbox 267 4360 330 4412; x_wconf 88' lang='lat' dir='ltr'>Luc.</span> <span class='ocrx_word' id='word_1_318' title='bbox 341 4379 348 4423; x_wconf 89' lang='lat'>;</span> <span class='ocrx_word' id='word_1_319' title='bbox 369 4363 467 4429; x_wconf 89' lang='lat' dir='ltr'>partim</span> <span class='ocrx_word' id='word_1_320' title='bbox 479 4377 589 4428; x_wconf 87' lang='lat' dir='ltr'>quoqne</span> <span class='ocrx_word' id='word_1_321' title='bbox 599 4361 672 4428; x_wconf 87' lang='lat' dir='ltr'>apud</span> <span class='ocrx_word' id='word_1_322' title='bbox 683 4363 742 4413; x_wconf 90' lang='lat' dir='ltr'>eius</span> <span class='ocrx_word' id='word_1_323' title='bbox 753 4363 917 4413; x_wconf 87' lang='lat' dir='ltr'>imitatorem</span> <span class='ocrx_word' id='word_1_324' title='bbox 929 4359 1082 4412; x_wconf 80' lang='lat' dir='ltr'>Arnobinm</span> <span class='ocrx_word' id='word_1_325' title='bbox 1094 4363 1199 4426; x_wconf 86' lang='lat' dir='ltr'>patrem</span> <span class='ocrx_word' id='word_1_326' title='bbox 1210 4357 1346 4419; x_wconf 89' lang='lat' dir='ltr'>ecclesiae,</span> 
     </span>
     <span class='ocr_line' id='line_1_39' title="bbox 118 4448 1301 4520; baseline 0.001 -20"><span class='ocrx_word' id='word_1_327' title='bbox 118 4451 166 4518; x_wconf 88' lang='lat' dir='ltr'>qui</span> <span class='ocrx_word' id='word_1_328' title='bbox 186 4451 258 4503; x_wconf 84' lang='lat' dir='ltr'>vixit</span> <span class='ocrx_word' id='word_1_329' title='bbox 277 4451 359 4503; x_wconf 88' lang='lat' dir='ltr'>tertio</span> <span class='ocrx_word' id='word_1_330' title='bbox 378 4451 487 4503; x_wconf 84' lang='lat' dir='ltr'>saeculo</span> <span class='ocrx_word' id='word_1_331' title='bbox 508 4468 532 4518; x_wconf 90' lang='lat' dir='ltr'>p.</span> <span class='ocrx_word' id='word_1_332' title='bbox 552 4448 581 4502; x_wconf 85' lang='lat' dir='ltr'>C.</span> <span class='ocrx_word' id='word_1_333' title='bbox 603 4468 628 4502; x_wconf 90' lang='lat' dir='ltr'>n.</span> <span class='ocrx_word' id='word_1_334' title='bbox 667 4451 756 4503; x_wconf 87' lang='lat' dir='ltr'>Etiam</span> <span class='ocrx_word' id='word_1_335' title='bbox 775 4450 855 4502; x_wconf 80' lang='lat' dir='ltr'>sotios</span> <span class='ocrx_word' id='word_1_336' title='bbox 875 4466 923 4520; x_wconf 86' lang='lat' dir='ltr'>pro</span> <span class='ocrx_word' id='word_1_337' title='bbox 942 4449 1053 4504; x_wconf 86' lang='lat' dir='ltr'>satietas</span> <span class='ocrx_word' id='word_1_338' title='bbox 1072 4453 1113 4505; x_wconf 89' lang='lat' dir='ltr'>est</span> <span class='ocrx_word' id='word_1_339' title='bbox 1133 4465 1186 4504; x_wconf 80' lang='lat' dir='ltr'>vex</span> <span class='ocrx_word' id='word_1_340' title='bbox 1206 4448 1301 4504; x_wconf 82' lang='lat' dir='ltr'>rarior.</span> 
     </span>
    </p>
   </div>
   <div class='ocr_carea' id='block_1_5' title="bbox 0 0 1558 5034">
    <p class='ocr_par' dir='ltr' id='par_1_21' title="bbox 0 0 1558 5034">
     <span class='ocr_line' id='line_1_40' title="bbox 0 0 1558 5034; baseline 0 0"><span class='ocrx_word' id='word_1_341' title='bbox 0 0 1558 5034; x_wconf 95' lang='lat' dir='ltr'> </span> 
     </span>
    </p>
   </div>
  </div>
 </body>
</html>
