3106 5034
175 273 198 341 4

212 474 343 522 418-82.
380 470 484 520 Praeter
502 485 607 537 corpora
626 479 649 521 et
666 470 742 521 inane
761 469 833 520 tertia
852 476 944 519 natura
963 484 1012 518 nort
1031 473 1073 518 est.

212 561 236 610 1.
273 559 379 610 citt-5
398 574 496 625 eorpus
515 561 588 610 enim
608 575 665 611 esse
684 575 779 610 sensus
798 557 927 619 declarat,
947 559 989 608 eui
1010 559 1099 624 prima
1118 556 1184 608 fides
1203 555 1339 608 habende.

212 649 236 699 2.
275 653 331 699 tum
354 664 433 714 porro
456 647 561 698 trs-9
581 649 662 699 inane
679 650 730 699 nisi
742 653 819 710 esset,
831 648 991 714 corporibus
1002 647 1076 698 loeus
1087 662 1117 696 ae
1128 647 1246 713 spatium
1258 662 1313 698 non
1324 651 1402 697 esset.

210 738 236 788 3.
272 736 378 788 tao-9
415 741 522 802 praeter
549 753 580 787 ea
609 752 665 789 non
693 743 733 788 est
762 738 841 788 tertia
870 742 977 787 natura.
1022 736 1091 786 Nam
1121 735 1313 801 quodcumque
1342 736 1402 797 erit,

175 825 287 878 debebit
305 827 395 892 ipsum
415 823 522 892 aliquid
542 841 599 877 esse
619 827 661 877 ie.
682 841 775 893 perse
795 841 851 877 esse
862 845 869 888 ;
889 825 963 893 qnod
983 827 1004 876 si
1026 831 1138 893 tangere
1157 830 1184 877 et
1203 827 1280 893 tangi
1307 828 1402 892 potest,

176 931 274 982 eorpus
294 918 351 975 est3
371 915 393 965 si
414 929 469 965 non
490 918 585 981 potest,
605 916 696 965 inane.

211 1004 236 1056 4.
272 1009 411 1072 praeterea
439 1002 545 1054 44Ο-8
569 1003 761 1070 quodcumque
782 1019 875 1071 perse
895 1005 954 1066 erit,
974 1009 1022 1055 aut
1041 1006 1128 1056 faeere
1148 1004 1216 1071 quid
1233 1003 1345 1055 debebit
1355 1007 1404 1054 eut

175 1095 232 1160 peti
251 1097 299 1144 snt
318 1093 408 1144 locum
429 1093 576 1160 praebere3
596 1094 683 1144 faeere
703 1098 793 1144 antem
814 1097 841 1144 et
860 1094 916 1160 pati
934 1092 1005 1143 nihil
1023 1092 1402 1161 potestnisicorpus3100um

176 1183 305 1250 praebere
325 1181 397 1232 nihil
417 1183 469 1233 nisi
489 1183 580 1233 inane.

212 1274 236 1323 5.
273 1271 396 1323 449-82
434 1287 504 1338 quae
537 1275 628 1322 autem
661 1271 791 1323 dicuntur
819 1288 875 1323 esse
905 1276 1011 1337 praeter
1039 1273 1121 1323 inane
1150 1276 1176 1323 et
1205 1288 1326 1339 corpora,
1355 1277 1404 1323 aut

176 1365 241 1412 sunt
259 1361 392 1411 coniuncta
411 1360 464 1427 (ie.
484 1360 640 1426 qualitates,
660 1376 731 1427 quae
751 1361 832 1412 rebus
851 1362 889 1411 ita
909 1362 1073 1412 coniunctae
1093 1365 1165 1422 sunt,
1185 1366 1217 1412 ut
1225 1362 1335 1428 seiungi
1348 1376 1402 1412 non

177 1451 289 1517 possint,
318 1449 396 1500 velut
415 1448 533 1517 pondus)
553 1454 601 1500 sut
619 1458 704 1501 eventa
723 1450 776 1517 (ie.
796 1465 836 1510 ea,
855 1464 926 1515 quae
945 1448 1027 1500 rebus
1046 1451 1178 1500 eveniunt
1197 1455 1279 1516 atque
1299 1451 1404 1501 contin-

176 1543 254 1605 gunt,
274 1538 351 1590 velut
370 1537 535 1606 paupertas).
572 1539 627 1590 Nec
647 1545 740 1606 tempus
760 1555 807 1606 per
826 1554 853 1590 se
873 1544 930 1601 θεῖς
950 1553 1006 1590 non
1025 1539 1097 1590 enim
1110 1539 1259 1605 percipitur
1269 1543 1402 1591 semotum

177 1628 212 1677 ah
232 1644 322 1678 rerum
343 1632 419 1679 motu
439 1633 466 1679 et
485 1630 586 1694 quiete.
606 1629 631 1696 1)

213 1716 320 1779 Errant,
348 1718 396 1782 qui
426 1722 529 1784 negent
557 1717 660 1768 bellum
689 1718 840 1770 Troianum
868 1723 997 1769 eventum
1026 1731 1082 1767 esse
1108 1715 1260 1776 hominum,
1280 1717 1328 1781 qui
1348 1717 1402 1767 iam
1454 1783 1455 1786 Ἴ

177 1806 278 1856 mortui
307 1806 378 1866 sint3
407 1805 511 1857 bellum
539 1807 626 1872 igitur
651 1822 707 1857 esse
728 1822 775 1873 per
793 1822 829 1857 se.
867 1807 1003 1857 Eventum
1023 1807 1096 1856 enim
1117 1807 1216 1871 partim
1236 1810 1343 1856 tantum
1364 1810 1405 1856 est

176 1893 329 1955 hominum,
349 1895 449 1961 partim
468 1895 589 1961 ipsorum
610 1894 740 1946 locorum.
778 1894 805 1945 Si
825 1894 904 1946 nulla
922 1896 997 1946 enim
1017 1896 1130 1946 materie
1150 1911 1198 1946 nec
1211 1895 1403 1956 loeusfuisset,

130 2020 132 2027 ·
178 1999 267 2050 neque
286 1984 362 2034 Paris
382 1983 513 2034 Helenam
533 2000 632 2047 sinere,
654 2001 701 2036 nee
721 1985 803 2036 Troia
822 1985 930 2036 incendi
952 1987 1094 2052 potuisset.
1114 1983 1142 2053 2)

640 2163 705 2214 Pers
725 2163 750 2213 ll
769 2162 940 2231 (483-920).

522 2251 669 2302 Primordia
687 2260 745 2302 sunt
761 2252 845 2302 solida
863 2260 935 2318 atque
954 2260 1062 2303 aeterna.

214 2429 270 2480 Hae
298 2428 417 2490 secunda
446 2434 521 2496 parte
545 2429 609 2480 Lne.
628 2431 747 2496 primum
767 2429 908 2480 483-634
927 2429 1005 2481 docet
1025 2428 1174 2496 primordia
1194 2443 1250 2479 esse
1270 2427 1359 2480 solida
1379 2433 1407 2479 et

178 2522 303 2579 aeterna3
323 2517 421 2568 deinde
441 2516 583 2568 635-920
601 2519 703 2569 refutat
722 2520 842 2570 rationes
861 2519 1020 2570 contrarias.

215 2609 364 2656 483-634.
404 2603 516 2672 Corpora
543 2614 601 2656 sunt
623 2607 720 2673 partim
745 2607 899 2674 primordia,
924 2608 1021 2674 partim
1044 2623 1091 2669 res,
1111 2623 1174 2674 quae
1192 2615 1306 2658 constant
1323 2622 1407 2657 eorum

178 2694 292 2745 coneilio.
328 2693 476 2744 Primordia
503 2702 585 2745 aetem
612 2704 713 2746 aeterna
740 2703 805 2758 sunt,
829 2696 890 2763 qnia
916 2704 975 2747 sunt
991 2696 1082 2746 solida.
1121 2694 1190 2746 Cum
1214 2711 1278 2747 vero
1298 2695 1406 2746 eredere

178 2784 326 2849 quiequam
346 2782 435 2834 solido
455 2799 512 2834 esse
531 2800 643 2851 corpore
663 2784 773 2835 difficile
793 2784 927 2846 videatur,
947 2784 1010 2835 Luc.
1029 2783 1080 2837 hoe
1102 2784 1200 2851 probet
1219 2784 1251 2834 11
1263 2800 1407 2851 argumen-

180 2873 223 2933 tis,
243 2887 314 2938 quae
333 2873 371 2922 sic
392 2872 533 2939 iungenda
552 2879 633 2923 sunt:

216 2960 307 3010 Prima
346 2962 429 3011 series
464 2960 586 3012 503-39
622 2964 743 3024 eontinet
772 2965 824 3014 tria
852 2969 1015 3031 argumenta
1043 2962 1148 3029 logicae
1177 2963 1233 3013 sive
1264 2961 1406 3013 rationalis

179 3052 302 3109 naturae,
322 3048 423 3114 quibus
444 3049 576 3116 probatur
597 3051 747 3117 primordia
766 3067 823 3102 esse
842 3053 901 3102 sine
921 3053 1006 3112 inani,
1026 3067 1092 3118 ergo
1111 3050 1216 3102 solide:

213 3135 238 3186 1.
276 3137 411 3204 principio
439 3137 563 3189 503-10
592 3144 690 3190 natura
715 3141 806 3191 inanis
826 3150 852 3191 et
871 3142 992 3207 eorporis
1011 3141 1049 3189 ite
1068 3139 1210 3190 dissimilis
1230 3143 1278 3200 est,
1299 3143 1337 3200 ut,
1358 3139 1406 3190 nbi

179 3223 299 3275 alterurn
319 3225 362 3287 sit,
382 3225 499 3276 alterum
520 3242 577 3278 esse
599 3243 652 3279 non
675 3230 766 3295 possit.

215 3313 239 3364 2.
277 3318 417 3380 praeterea
446 3314 568 3366 511—19
595 3318 624 3367 in
644 3333 754 3383 quaque
774 3333 802 3368 re
822 3323 861 3369 est
880 3318 980 3380 inane3
1000 3319 1081 3369 inane
1101 3322 1192 3369 autem
1212 3319 1286 3368 intus
1306 3317 1406 3369 hebere

179 3402 251 3453 nihil
271 3407 359 3470 petest
378 3405 430 3454 nisi
450 3404 538 3455 altera
558 3409 664 3467 nature,
684 3422 720 3457 se.
739 3406 828 3457 solida
846 3408 969 3458 materia.

213 3491 238 3543 3.
276 3496 334 3542 tum
364 3508 443 3558 porro
472 3494 595 3545 520-39
623 3496 645 3546 si
676 3495 747 3546 nihil
775 3501 844 3547 esset
871 3497 962 3557 inane,
987 3511 1066 3547 omne
1096 3495 1165 3546 soret
1194 3495 1332 3556 solidu1n3
1353 3497 1405 3546 nisi

178 3586 272 3632 eontra
300 3597 413 3648 corpora
442 3588 539 3644 essent,
568 3600 648 3636 omne
677 3590 813 3636 constaret
841 3587 941 3646 inane3
961 3589 988 3635 et
1007 3586 1093 3652 igitur
1113 3586 1194 3636 inane
1214 3589 1255 3635 θεῖ
1273 3589 1300 3635 θῖ
1319 3584 1407 3636 solide

178 3671 301 3732 materia,
321 3686 392 3737 quse
412 3687 460 3721 nee
480 3672 571 3740 frangi
592 3678 682 3740 potest
702 3690 750 3724 nec
771 3674 948 3741 penetrabilis
967 3679 1016 3725 θεῖ.

213 3768 337 3821 Secunda
365 3771 448 3822 series
480 3772 603 3824 540--64
633 3776 755 3826 eontinet
783 3774 838 3825 duo
866 3779 1037 3843 argumenta,
1067 3790 1137 3841 quae
1158 3775 1296 3841 pertinent
1314 3774 1347 3825 ad
1367 3762 1405 3827 τὸ

177 3866 253 3912 hunc,
274 3851 356 3901 adhuc
375 3867 448 3904 esse:

213 3939 237 3989 4.
276 3946 415 4006 praeterea
443 3941 567 3995 540-50
594 3960 629 3995 ex
657 3961 697 4006 eo,
725 3946 799 4012 quod
828 3948 942 3997 materia
970 3951 1081 3997 aeterno
1107 3949 1228 4011 tempore
1256 3948 1318 3995 ante
1346 3945 1406 3993 acto

178 4027 300 4079 nondum
321 4027 355 4078 ad
375 4029 496 4081 nihilum
516 4032 625 4084 redacta
640 4038 687 4094 est,
707 4040 820 4101 apparet
832 4051 890 4086 eam
903 4037 991 4102 perire
1003 4052 1056 4088 non
1069 4051 1145 4103 pesse
1156 4035 1201 4086 sed
1213 4034 1330 4086 solidam
1340 4047 1406 4084 esse.

213 4118 237 4166 5.
275 4115 394 4182 denique
414 4119 540 4171 551-64
559 4123 611 4173 nisi
632 4123 778 4190 frangendi
799 4125 861 4175 finis
880 4129 957 4186 esset,
977 4141 1090 4192 corpore
1113 4125 1242 4175 materiae
1260 4140 1307 4191 per
1319 4127 1405 4174 totum

213 4245 240 4311 1)
277 4245 396 4313 Tempus
423 4246 541 4312 Epicuro
561 4251 601 4297 θεῖ
620 4253 749 4299 eventurn
769 4265 823 4301 non
844 4266 943 4311 rernm,
963 4248 1009 4301 sed
1030 4266 1120 4300 rernm
1141 4254 1231 4301 motus
1251 4253 1277 4300 et
1296 4249 1406 4315 quietis,

177 4326 220 4378 ie.
240 4341 331 4376 rernm
351 4331 528 4379 eventorum:
549 4317 735 4400 σύμπτωμα
759 4321 1020 4403 συμπτωμάτων.

212 4406 239 4474 2)
280 4405 420 4458 Coniuncta
439 4422 533 4475 perse
552 4423 608 4460 non
628 4423 685 4461 esse
695 4414 790 4477 poetae
800 4426 856 4463 non
866 4426 935 4478 opus
945 4415 1003 4463 eret
1013 4410 1137 4478 probare,
1148 4411 1196 4476 qui
1207 4411 1236 4460 in
1246 4409 1406 4461 delinitione

177 4476 205 4528 id
224 4479 263 4529 ita
285 4494 342 4531 esse
362 4482 499 4549 posuerat.
