3106 5034
269 494 479 590 contingunt
506 491 619 564 mellis
645 492 741 564 dulci
768 491 927 587 tlavoque
953 490 1107 586 liquore,

268 619 307 682 ut
335 635 523 707 puerorum
552 616 644 680 aetas
669 607 853 704 inprovida
880 606 1082 677 ludificetur

170 747 223 799 940
268 727 446 798 labrorum
473 734 594 808 tenuS,
621 723 751 794 interea
779 729 937 818 perpotet
963 716 1120 792 omarum

269 841 423 914 absinthi
451 841 608 924 laticem,
636 838 851 934 deceptaque
876 862 946 907 non
973 835 1149 932 capiatur,

268 956 329 1029 sed
350 957 471 1053 potius
497 955 557 1028 tali
585 963 684 1051 paeto
710 963 862 1024 recreata
886 951 1051 1036 valescat,

268 1073 316 1144 sio
342 1097 405 1168 ego
431 1097 545 1155 nuno,
573 1070 740 1166 quoniam
767 1068 851 1140 haee
877 1069 965 1140 ratio
992 1068 1202 1166 plerumque
1228 1066 1366 1138 videtur

269 1188 398 1259 tristior
424 1212 495 1258 esse
521 1186 652 1283 quibus
678 1212 747 1258 non
774 1191 1014 1269 adtrectata,
1040 1169 1203 1280 retroque
1347 1177 1350 1183 ’

190 1325 219 1351 t
267 1303 388 1399 volgus
414 1303 576 1374 abhorret
602 1301 646 1373 ab
673 1301 756 1386 hae,
784 1301 878 1373 volui
904 1301 970 1371 tibi
997 1299 1254 1396 suaviloquenti

268 1419 421 1490 carmine
447 1417 560 1488 Pierio
586 1417 756 1488 rationem
782 1441 952 1513 exponere
978 1422 1130 1487 nostram

268 1544 302 1605 et
327 1534 427 1630 quasi
454 1559 594 1605 musaeo
621 1531 718 1604 duloi
744 1532 944 1628 contingere
971 1530 1092 1614 melle;

269 1650 297 1720 si
323 1650 388 1721 tibi
415 1650 502 1721 forte
529 1649 686 1720 animum
715 1649 776 1720 tuli
803 1649 936 1721 ratione
962 1667 1078 1720 tenere

269 1766 426 1837 versibus
451 1765 488 1836 in
516 1765 641 1836 nostris
667 1790 821 1862 possem,
850 1764 936 1834 dum
964 1763 1131 1861 perspicis
1157 1788 1294 1834 omnem

268 1891 428 1952 naturam
456 1905 596 1965 rerum,
625 1905 694 1975 qua
720 1888 852 1952 constet
878 1886 1016 1976 compta
1043 1880 1172 1976 figura.

317 1996 385 2068 Sed
411 1997 578 2092 quoniam
605 1996 710 2067 doeui
736 1996 945 2068 solidissima
972 1996 1129 2067 materiai
1221 2011 1223 2017 '

269 2137 412 2209 corpora
439 2122 607 2209 perpetuo
633 2112 776 2183 volitare
802 2111 932 2183 invicta
958 2137 1020 2207 per
1045 2137 1186 2196 aevom,

269 2253 363 2299 nuno
390 2253 462 2324 age,
490 2227 640 2299 summai
667 2227 840 2324 quaedam
866 2228 911 2299 sit
937 2228 1016 2299 finis
1041 2253 1181 2311 eorum,

269 2368 377 2415 neone
403 2344 465 2427 sit,
494 2344 713 2415 evolvamus:
742 2343 826 2415 item
853 2343 949 2440 quod
975 2343 1079 2415 inane
1105 2349 1315 2443 repertumst

191 2480 219 2506 ³·
267 2485 326 2531 seu
354 2459 449 2531 loous
475 2485 513 2531 oo
539 2459 712 2557 spatium,
739 2484 791 2530 res
817 2459 853 2530 in
881 2485 951 2554 quo
977 2484 1137 2556 quaeque
1162 2467 1345 2555 gerantur,

267 2575 511 2671 pervideamus
537 2583 656 2646 utrum
685 2576 825 2646 linitum
854 2575 1015 2647 funditus
1040 2600 1143 2646 omne

268 2698 417 2775 constet,
445 2716 489 2762 an
515 2691 727 2762 immensum
755 2699 879 2787 pateat
896 2699 1058 2787 vasteque
1085 2690 1321 2787 profundum.

316 2807 431 2877 Omne
457 2805 549 2902 quod
578 2813 628 2877 est
653 2806 761 2902 igitur
787 2806 885 2878 nulla
912 2807 1050 2903 regione
1077 2807 1210 2878 viarum
1397 2843 1455 2896 aeg.
1474 2827 1499 2878 1„

268 2921 460 2992 finitumst:
489 2946 641 3017 namque
667 2929 862 2993 extremum
889 2922 1039 2994 debebat
1065 2921 1214 2993 babere:

267 3044 461 3107 extremum
489 3062 590 3133 porro
617 3037 750 3108 nullius
776 3063 873 3134 posse
899 3037 1039 3108 videtur

266 3177 356 3236 esse,
384 3152 450 3223 nisi
480 3153 568 3225 ultra
595 3153 640 3224 sit
666 3153 762 3249 quod
789 3153 906 3237 finiot3
935 3161 975 3224 111
1000 3153 1160 3225 videatur
1211 3203 1213 3206 -

267 3293 337 3364 quo
364 3293 433 3339 non
461 3268 598 3364 longius
625 3269 709 3340 haee
736 3295 855 3340 sensus
881 3280 1005 3341 natura
1031 3277 1214 3365 sequatur.

267 3408 361 3454 nuno
387 3392 482 3455 extra
508 3410 683 3457 summam
710 3386 877 3481 quoniam
904 3385 954 3456 nil
981 3410 1052 3456 esse
1078 3385 1280 3470 fatendum,

183 3543 185 3549 ,
267 3524 337 3570 non
365 3499 470 3571 habet
495 3507 710 3586 extremum,
738 3510 830 3573 caret
855 3526 936 3598 ergo
963 3503 1032 3573 fine
1060 3502 1252 3599 modoque.

170 3633 221 3684 965
267 3640 330 3686 neo
357 3615 461 3686 refert
487 3616 618 3711 quibus
643 3617 787 3688 adsistas
813 3617 1015 3712 regionibus
1041 3619 1137 3690 eius:

213 3827 288 3888 950.
325 3855 419 3889 cornere
448 3840 556 3906 proprio
584 3841 656 3907 sign.
684 3855 862 3906 componere3
884 3841 922 3891 sio
942 3839 969 3891 h.
991 3840 1017 3901 l.,
1037 3840 1133 3902 &2593
1153 3840 1232 3903 4,2v;
1251 3842 1299 3893 olr.
1319 3842 1399 3904 &845

169 3937 266 3996 coniptu
285 3928 456 3995 contupioqae
493 3928 598 3979 Deinde
618 3927 720 3980 dicitnr
739 3928 771 3979 de
791 3929 908 3995 capillis,
928 3930 976 3994 qui
997 3933 1160 3990 nectuntur;
1183 3932 1339 3996 oppositum
1359 3936 1399 3982 est

168 4018 268 4068 soluere.
305 4015 361 4068 Cir.
380 4017 473 4068 Tibul.
493 4016 562 4078 4,2,9
581 4033 624 4068 seu
642 4017 714 4067 soluit
732 4016 822 4069 mines.
836 4016 910 4083 sinis
929 4017 996 4068 decet
1013 4034 1064 4069 esse
1082 4018 1201 4084 capillis,·
1219 4019 1268 4069 Seu
1287 4020 1400 4086 compsit,

168 4106 272 4173 comptis
296 4114 332 4156 est
350 4105 493 4157 uenerando
512 4105 597 4156 cornis.
644 4092 720 4153 958.
758 4105 830 4166 Lao,
850 4122 910 4155 enm
932 4111 992 4172 post
1011 4106 1209 4174 digressionem
1229 4108 1263 4159 nd
1280 4108 1401 4176 disputa-

169 4196 271 4247 tionem
301 4196 456 4245 institutam
476 4194 555 4256 redit,
576 4199 691 4261 usurpat
709 4194 787 4260 aptior
804 4194 846 4261 (ut
865 4194 963 4258 1,4ta;
982 4195 1071 4262 3,323)
1089 4200 1138 4247 aut
1156 4212 1214 4262 erpo
1233 4197 1275 4263 (nt
1294 4197 1401 4265 5,1136)

168 4288 216 4334 aut
244 4284 327 4351 itaque
354 4283 396 4349 (ut
415 4282 512 4351 atne).
558 4271 634 4330 960.
672 4283 764 4333 arellius
790 4284 807 4333 1.
827 4299 850 4333 e.
871 4283 977 4334 nullius
997 4285 1044 4334 rei.
1083 4282 1192 4335 011111
1213 4285 1301 4347 1324.
1326 4274 1400 4336 961.

170 4388 210 4438 eq.
239 4373 258 4423 i.
287 4388 309 4423 e.
338 4373 377 4422 ita
406 4379 437 4423 ut
465 4373 500 4422 sit
519 4371 637 4438 aliquid,
656 4388 711 4438 qno
731 4371 797 4422 haee
817 4377 916 4423 natura
936 4372 1047 4440 longius
1068 4389 1122 4426 non
1142 4379 1275 4440 sequatur
1294 4379 1402 4427 nostros

168 4477 272 4522 sensus,
294 4463 310 4511 i.
331 4478 353 4511 o.
373 4461 489 4527 aliquid,
510 4461 581 4527 quod
603 4463 639 4511 sit
658 4460 730 4512 ultra
751 4477 841 4512 rernm
864 4465 976 4512 naturae
997 4463 1136 4513 terminos.
