3106 5034
252 487 390 558 infinita
416 511 504 583 opus
529 494 579 557 est
606 485 656 556 vis
682 484 842 582 undique
866 485 1042 558 materiai.

253 601 349 673 Illud
367 602 403 672 in
424 601 477 673 his
491 601 594 672 rebus
608 601 710 697 longe
724 601 805 697 fuge
819 601 976 686 credere,
992 602 1157 687 Memmi,
1198 639 1240 673 res
1250 639 1307 674 non
1318 624 1482 674 nitunturin

252 719 288 788 in
316 718 472 789 medium
499 742 656 788 summae
682 716 778 812 quod
804 717 928 788 dicunt
941 717 1059 788 onmia
1073 717 1157 801 niti,
1213 694 1475 746 ¹¹⁰¹V⁶¹⁹⁸¹m⁶d¹⁰¹¹i

252 842 357 929 atque
383 832 462 905 ideo
481 833 605 904 mundi
629 842 787 904 naturam
816 842 904 905 stare
930 834 1004 905 sine
1033 833 1115 905 ullis

154 969 224 1019 1055
251 948 380 1020 ictibus
405 948 554 1020 externis
580 974 693 1044 neque
720 974 898 1044 quoquam
926 974 1023 1046 posse
1045 949 1168 1021 resolvi

252 1089 390 1135 summa
424 1072 528 1160 atque
554 1065 643 1149 ima,
671 1065 766 1160 quod
792 1066 828 1136 in
859 1065 1014 1137 medium
1041 1066 1110 1137 sint
1136 1066 1254 1138 omnia
1281 1067 1384 1152 nixa,

254 1180 433 1276 (ipsumsi
459 1179 651 1276 quicquam
679 1206 776 1276 posse
802 1181 837 1252 in
857 1206 892 1252 se
918 1181 1034 1253 sistere
1057 1181 1180 1271 credis,

253 1304 287 1366 et
313 1321 403 1391 quae
430 1295 582 1391 pondera
605 1297 674 1367 sint
700 1297 765 1367 sub
787 1297 887 1368 terris
913 1298 1030 1369 omnia
1057 1323 1193 1369 sursum

254 1411 358 1482 nitier
383 1411 419 1482 in
446 1422 607 1507 terraque
629 1422 719 1483 retro
745 1412 959 1508 requiescere
986 1421 1101 1510 posta,

156 1547 226 1598 1000
253 1536 292 1598 00
318 1552 380 1624 per
406 1553 513 1623 aquas
539 1553 628 1623 quae
655 1554 749 1599 0000
772 1554 885 1599 rerum
915 1529 1101 1600 simulacra
1126 1529 1305 1601 videmus.

254 1653 288 1716 et
315 1644 422 1715 simili
449 1644 582 1716 ratione
604 1645 769 1715 animalia
795 1670 907 1741 suppa
934 1644 1050 1741 vagari

255 1760 489 1844 contendunt,
517 1786 631 1856 neque
657 1785 754 1856 posse
780 1785 799 1830 e
820 1760 920 1831 terris
941 1760 978 1830 in
1006 1760 1079 1832 loca
1102 1761 1188 1832 caeli

255 1876 430 1948 reccidere
456 1876 619 1947 inferiora
647 1876 756 1972 magis
782 1901 887 1972 quam
911 1902 1054 1972 corpora
1080 1885 1195 1948 nostra

255 2002 376 2088 sponte
399 2018 460 2064 000
482 1992 613 2089 possint
640 1993 676 2063 in
700 1991 785 2062 caeli
808 1991 938 2088 templa
966 1993 1097 2077 volare3

158 2127 227 2178 1005
254 2107 307 2178 illi
333 2133 414 2179 cum
441 2109 581 2180 videant
606 2107 732 2192 solem,
760 2133 821 2178 nos
847 2106 960 2178 sidera
981 2108 1092 2179 noctis

256 2247 412 2309 cerneret
439 2232 473 2295 et
498 2223 639 2295 alternis
665 2223 848 2294 nobiscum
871 2231 1027 2320 tempora
1054 2224 1140 2295 caeli

257 2338 413 2410 dividere
439 2347 474 2411 00
495 2347 611 2410 000000
638 2339 757 2435 parilis
783 2339 913 2434 agitare
940 2339 1083 2411 diebus.

257 2453 317 2525 sed
340 2480 448 2526 vanus
474 2454 608 2526 stolidis
634 2455 718 2526 haec

213 2681 303 2742 1059.
341 2701 404 2744 retro
433 2694 552 2759 pertinet
579 2698 605 2743 et
633 2691 667 2743 ad
696 2692 844 2758 requiescere
863 2696 889 2742 00
908 2691 940 2742 06
957 2700 1040 2759 posta.
1061 2700 1185 2760 —posta
1204 2694 1222 2743 i.
1241 2709 1265 2744 0.
1285 2695 1390 2761 00010ος

163 2789 301 2853 praeterea
320 2783 393 2850 apud
414 2783 477 2833 Luc.
497 2782 629 2850 leguntur
648 2781 772 2847 dispostas
792 2781 911 2848 impastus
930 2789 1046 2848 oppertus
1061 2790 1210 2849 praepostus
1226 2790 1390 2849 repostus.—

161 2874 217 2926 Cic.
246 2874 329 2925 Acad.
358 2889 398 2940 pr.
428 2871 505 2933 2023
533 2870 577 2937 qui
603 2870 715 2920 aduersis
743 2870 852 2936 uestr'pr'r‘s
880 2877 943 2921 stent
969 2879 1055 2920 contra
1084 2878 1169 2921 uostru
1197 2870 1311 2938 uesttpc'a,
1331 2887 1390 2938 quoa

162 2948 340 3025 ἀντίποδας
368 2961 469 3012 uocatis.
523 2956 612 3016 1061.
652 2959 763 3009 Festus:
785 2975 908 3025 issuppuru
926 2960 1034 3024 antiqui
1058 2959 1194 3020 dicebant,
1214 2975 1295 3026 quem
1318 2976 1390 3010 nune

162 3054 291 3120 septnum
320 3051 437 3101 dicimus
457 3088 463 3100 .
484 3087 516 3100 ..
546 3049 611 3098 Eius
639 3046 766 3099 vocabuli
795 3049 921 3098 meminit
948 3049 1029 3098 etiam
1059 3047 1198 3099 Lucilius”
1227 3053 1254 3100 et
1283 3049 1391 3099 Accius.

169 3129 260 3190 1063.
298 3139 425 3207 iuferiora
454 3140 553 3205 iungas
573 3153 634 3186 curn
655 3137 717 3186 loca.
771 3124 861 3184 1065.
899 3136 939 3186 titt
956 3152 991 3187 sc.
1012 3142 1106 3188 contra
1125 3138 1179 3187 siti.
1232 3124 1390 3187 l065-7.

162 3231 246 3282 Poeta
265 3230 342 3280 vario
362 3227 442 3280 modo
462 3232 502 3278 ter
521 3226 592 3277 idem
614 3225 688 3276 dicit.
741 3213 831 3273 1067.
869 3224 966 3291 apitarc
985 3227 1003 3275 i.
1023 3241 1045 3276 e.
1065 3241 1155 3292 agere.
1174 3224 1231 3277 afr.
1247 3225 1303 3277 Cic.
1314 3227 1392 3278 Verr.

162 3319 240 3380 2054
269 3319 321 3369 dies
344 3317 411 3384 festi
437 3316 573 3383 apitautur.
626 3302 716 3362 1068.
754 3314 856 3365 stolidos
885 3313 948 3364 Luc.
977 3313 1043 3364 dicit
1071 3313 1183 3366 Stoicos
1204 3345 1238 3351 —
1258 3313 1391 3367 Codicum

163 3410 355 3460 Lucretianum
384 3421 492 3457 carmen
521 3404 713 3456 exhibentium
742 3403 905 3471 Arclietppus,
935 3405 983 3470 qui
1012 3404 1040 3453 in
1071 3402 1163 3454 Gallia
1191 3405 1308 3471 scriptus
1334 3420 1392 3456 0000

164 3498 272 3549 videtur
291 3496 399 3548 0000010
419 3499 517 3561 quarto
538 3493 581 3545 vel
601 3493 707 3559 quinto,
727 3495 816 3559 periit.
856 3493 896 3542 Ex
917 3508 948 3544 eo
968 3492 1097 3558 descripti
1116 3497 1197 3542 sunt:
1218 3492 1243 3542 1.
1264 3491 1391 3560 Obtoupus

163 3586 272 3640 0000010
293 3601 374 3637 0000.
412 3584 436 3634 2.
458 3583 603 3643 Quadratus
622 3581 731 3633 saecuto
751 3581 856 3632 decimo
876 3586 902 3632 et
921 3583 944 3631 ei
956 3580 1115 3643 simillimus
1126 3579 1196 3631 alter
1206 3580 1302 3642 codex,
1313 3583 1392 3632 cuius

162 3675 273 3726 Schedae
301 3680 369 3735 octo,
399 3689 469 3740 quae
497 3673 639 3724 continent
667 3670 716 3721 lib.
744 3670 820 3720 I-II
848 3669 908 3730 450,
928 3668 1054 3720 Hauniae
1074 3671 1102 3719 in
1123 3669 1294 3721 bibliotheca
1313 3671 1392 3738 regia

163 3764 352 3824 adservantur,
381 3762 481 3823 decem,
510 3776 581 3828 quae
610 3761 751 3810 continent
779 3759 827 3810 lib.
856 3759 882 3808 II
911 3757 1040 3809 042-111
1069 3759 1129 3820 621,
1159 3759 1342 3811 Vindobonae
1362 3761 1391 3811 in

164 3851 304 3905 Caesarea.
342 3852 366 3903 3.
387 3850 480 3903 Codex
499 3850 655 3917 Puppienus,
675 3851 723 3915 qui
745 3850 832 3915 periit,
853 3864 887 3899 ex
907 3864 962 3914 quo
982 3848 1135 3914 complures
1146 3848 1251 3900 codices
1262 3848 1392 3917 descripti

164 3946 228 3994 0000
257 3942 292 3992 00
320 3941 398 3992 Italis
426 3939 535 3991 0000010
563 3938 668 3990 decimo
697 3940 804 4005 quinto,
832 3954 950 4004 0000001
970 3940 1090 4004 optimus
1110 3942 1150 3989 est
1167 3938 1330 3990 Florenttuus
1349 3939 1393 3990 30.

163 4031 260 4083 Omnis
281 4031 367 4098 igitur
387 4031 442 4081 fere
462 4032 584 4080 vetustae
604 4029 730 4080 lectionis
750 4029 881 4079 memoria
899 4027 1063 4078 ecodicibus
1074 4025 1202 4094 Obiongo
1213 4032 1240 4077 00
1250 4026 1392 4091 Quadrata

163 4119 312 4188 repetenda
341 4123 389 4180 000,
418 4119 466 4185 qni
495 4118 593 4169 Leidae
618 4117 799 4168 adservantur
809 4136 816 4178 ;
836 4118 888 4167 nisi
909 4116 982 4182 quod
1003 4114 1131 4182 Oblongo
1151 4115 1230 4166 tidem
1251 4116 1392 4167 interdum

165 4208 254 4260 italici
283 4209 427 4276 abrogant,
456 4207 588 4272 Quadrati
618 4209 807 4258 auctoritatem
828 4207 999 4255 imminuunt
1017 4202 1146 4255 Schedac.
1183 4203 1262 4253 Hunc
1282 4219 1393 4254 versum

165 4297 235 4349 1000
263 4314 324 4347 cum
355 4303 457 4364 septem
488 4291 1392 4363 0000000001000100100001011000011100000000100000100ος

166 4385 323 4451 Quadratus
352 4392 378 4437 et
403 4385 522 4437 Schedae
542 4386 674 4436 omittunt
693 4383 801 4450 adpicta
821 4386 850 4433 in
869 4384 994 4450 margine
1014 4397 1092 4432 cruce
1112 4382 1156 4431 cui
1176 4396 1307 4431 numerus
1328 4381 1393 4431 VIII

165 4477 324 4548 suppositus
352 4480 401 4532 cst.
438 4475 535 4530 Versui
565 4473 634 4526 1003
664 4475 692 4523 in
721 4471 861 4540 00000000
893 4471 996 4532 eadem,
1025 4487 1095 4537 qrrac
1116 4472 1206 4525 versui
1226 4469 1304 4537 1000,
1324 4487 1393 4528 crux
