3106 5034
217 477 280 558 nec
306 511 396 583 quae
422 486 487 557 sub
513 511 632 557 sensus
658 485 760 558 cadat
786 485 859 556 ullo
885 493 1041 581 tempore
1067 491 1218 568 nostros,

216 601 437 674 narratione
463 601 572 673 animi
599 627 704 698 quam
732 601 918 698 quisquam
947 600 1054 696 possit
1079 598 1204 696 apisci.

265 717 354 788 Nam
382 742 627 813 quaecumque
652 717 788 802 cluent,
816 724 877 788 aut
902 715 956 787 his
982 715 1168 787 coniuncta
1194 714 1331 786 duabus

217 833 321 905 rebus
346 859 386 905 ea
412 833 566 905 invenies
592 842 653 905 aut
679 833 802 904 harum
831 840 952 903 eventa
978 829 1129 901 videbis.

216 948 443 1020 coniunctum
470 946 584 1019 estid
611 947 706 1044 quod
733 972 906 1045 nusquam
934 945 1007 1017 sine
1035 944 1223 1043 permitiali

216 1063 364 1135 discidio
390 1063 480 1160 potis
505 1070 556 1134 est
581 1063 717 1160 seiungi
743 1087 849 1159 seque
874 1062 1032 1158 gregari;

216 1174 354 1275 pondus
378 1178 432 1250 uti
458 1178 564 1262 saxis
592 1177 685 1249 calor
710 1178 833 1274 igniat,
862 1177 978 1273 liquor
1004 1176 1127 1272 aquai,

216 1301 329 1365 tactus
355 1292 559 1390 corporibus
584 1292 733 1377 cunctis,
760 1293 912 1364 intactus
937 1292 1052 1363 inani.

118 1427 170 1479 455
215 1407 396 1480 servitium
422 1415 559 1491 contra,
587 1415 795 1504 paupertas,
822 1407 1053 1504 divitiaeque,

216 1523 376 1608 libertas,
404 1522 557 1607 bellum,
584 1523 787 1607 concordia,
816 1530 927 1594 cetera
954 1547 1106 1620 quorum

217 1638 372 1711 adventu
399 1646 516 1710 manet
542 1638 728 1710 incolumis
755 1646 879 1710 natura
905 1639 1094 1735 obituque,

218 1754 301 1825 haec
328 1754 419 1826 soliti
446 1779 585 1838 sumus,
614 1764 653 1825 ut
679 1779 742 1851 par
767 1762 835 1839 est,
863 1760 985 1825 eventa
1010 1778 1149 1824 vocare.

216 1877 355 1965 tempus
381 1868 465 1940 item
492 1894 613 1965 perse
640 1895 708 1941 non
735 1879 804 1954 est,
832 1869 891 1941 sed
918 1870 1022 1941 rebus
1048 1869 1091 1940 ab
1119 1867 1203 1964 ipsis

220 1981 445 2080 consequitur
470 2008 608 2070 sensus,
635 1994 848 2057 transactum
875 1984 964 2082 quid
989 1985 1033 2056 sit
1059 1985 1095 2054 in
1123 2009 1223 2067 aevo,

216 2106 293 2170 tum
320 2125 409 2196 quae
436 2124 489 2171 res
514 2099 636 2184 instet,
664 2101 752 2197 quid
779 2127 880 2198 porro
907 2097 1034 2171 deinde
1060 2114 1245 2196 sequatur:

217 2240 280 2287 nee
308 2240 368 2310 per
393 2241 428 2286 se
454 2241 666 2312 quemquam
695 2224 835 2313 tempus
861 2216 987 2288 sentire
1013 2214 1228 2287 fatendumst

216 2337 385 2402 semotum
416 2331 459 2402 ab
485 2356 600 2402 rernm
630 2340 727 2404 motu
754 2331 961 2429 placidaque
988 2331 1123 2428 quiete.

217 2445 370 2542 denique
396 2446 631 2543 Tyndaridem
660 2456 794 2544 raptam
822 2448 984 2544 belloque
1011 2447 1170 2518 subactas

121 2578 171 2631 465
216 2560 444 2657 Troiiugenas
468 2561 582 2658 gentis
608 2587 688 2633 cnm
716 2561 840 2634 dicunt
865 2589 955 2648 esse,
983 2563 1206 2634 videndumst

166 2793 229 2856 447
257 2821 298 2873 sq.
325 2807 367 2857 i.e.
393 2781 460 2857 οὔτ’
486 2790 650 2882 αἰσθητὸν
674 2789 749 2859 οὔτε
771 2795 901 2882 νοητόν.
947 2792 1023 2854 448.
1061 2803 1145 2872 apisci
1162 2804 1204 2854 i.e.
1224 2802 1347 2870 adipisci.

123 2900 177 2954 Hoc
205 2903 318 2954 verbum
340 2907 480 2969 praeterea
500 2901 603 2970 legitur
622 2901 718 2964 6‚1235
738 2908 766 2953 et
784 2903 863 2964 5,808
881 2901 938 2969 opti
955 2903 998 2952 i.e.
1017 2899 1119 2967 adepti.
1161 2887 1237 2947 449.
1274 2915 1347 2966 quoe-

120 3007 220 3060 cumque
247 2993 328 3043 clacnt
357 2991 412 3060 [ic.
441 2990 583 3060 dicuntur]
614 3007 649 3042 sc.
678 3007 735 3043 esse
756 2997 863 3059 praeter
882 2993 965 3043 inane
984 2996 1011 3042 et
1030 3005 1151 3056 corpora,
1171 2989 1198 3040 id
1219 2986 1292 3056 quod
1313 3003 1348 3039 ex

120 3087 344 3140 antecedentibus
372 3086 538 3139 sumendum
563 3093 611 3138 est.
631 3086 687 3139 Cir.
707 3087 740 3138 ad
761 3088 822 3139 480.
841 3119 875 3124 —
894 3088 1028 3139 coniuncto
1047 3089 1089 3138 ie.
1110 3076 1347 3165 συμβεβηκότα,

119 3188 216 3235 eventa
245 3185 288 3235 i.c.
314 3173 539 3254 συμπτώματα
558 3183 607 3251 Ερ.
652 3171 728 3231 451.
766 3200 890 3251 nosquam
909 3185 951 3235 i.e.
972 3186 1085 3236 omnino
1105 3200 1170 3237 non.
1190 3184 1245 3236 Cir.
1265 3185 1348 3252 Verg.

119 3276 187 3331 Aen.
216 3279 295 3342 5‚853
323 3280 468 3347 clavumque
495 3279 595 3347 affixus
623 3288 646 3330 et
672 3280 775 3332 tacrcru
803 3296 927 3347 nusquam
952 3281 1086 3332 omittebat.
1107 3311 1141 3318 —
1155 3280 1285 3348 periodica
1304 3281 1347 3332 ic.

118 3370 261 3436 pernicies.
291 3369 432 3422 Donatus:
464 3386 528 3437 aper
556 3371 777 3422 immutationem
796 3370 904 3422 litterae
924 3375 955 3421 ut
974 3370 1019 3421 olli
1038 3386 1086 3438 pro
1105 3370 1153 3433 illi,
1173 3370 1298 3437 syllabae
1317 3375 1348 3421 ut

114 3457 244 3525 pernities
273 3474 321 3526 pro
341 3459 494 3527 pernicies.”
540 3446 616 3508 452.
653 3475 725 3526 ecque
741 3459 852 3526 properi.
890 3459 973 3511 Poeta
992 3458 1131 3511 interdum
1151 3460 1230 3510 tmesi
1251 3459 1348 3521 utitur,

123 3551 152 3598 ut
170 3548 199 3598 in
220 3548 334 3599 vocibus
353 3549 420 3616 ipsis
439 3547 586 3599 discidium
605 3553 632 3598 et
650 3547 791 3600 distractio
811 3554 949 3615 appareat,
969 3548 1056 3599 veluti
1076 3547 1127 3599 651
1145 3548 1232 3615 disque
1240 3547 1348 3615 superis,

120 3635 199 3697 5‚299
227 3635 292 3687 iuter
319 3636 394 3702 quari
419 3645 504 3704 rupta,
533 3636 610 3698 5287
632 3636 695 3686 inter
713 3636 788 3702 {qnasi
805 3653 927 3704 corripere,
947 3638 1043 3699 5,1374
1062 3639 1127 3689 inter
1140 3638 1222 3706 playa
1241 3653 1348 3700 currere,

119 3723 198 3785 3,859
226 3724 291 3777 inter
317 3725 384 3776 enim
412 3725 505 3777 iectast.
550 3712 626 3773 454.
666 3725 754 3776 Etiam
783 3727 856 3777 inter
884 3727 1011 3794 exempla
1039 3729 1256 3789 coniunctorum,
1276 3742 1348 3794 quae

119 3820 236 3888 protulit
264 3821 407 3889 Epiuuus,
437 3830 516 3876 erant
535 3806 562 3901 ηε
587 3807 764 3878 ἀντιτυπία
787 3815 847 3895 μὲν
871 3817 930 3881 τοῦ
953 3816 1109 3896 σώματος,
1134 3808 1209 3893 εἷξις
1232 3815 1266 3879 δὲ
1290 3815 1350 3883 τοῦ

118 3915 216 3981 κενοῦ
233 3954 269 3961 -
288 3925 404 3977 intactus.
441 3927 629 3995 Participialia
648 3945 710 3980 cum
730 3929 756 3979 in
776 3932 906 3997 negativo
925 3933 1072 3983 coniuncta
1092 3947 1146 3983 ¹ron
1167 3932 1220 3982 nisi
1240 3936 1348 3983 sextum

118 4037 213 4074 casum
241 4023 360 4089 recipere
388 4022 495 4073 solent:
526 4023 633 4087 iniussa,
662 4024 756 4074 inculco
775 4029 825 4076 etc.
864 4027 1157 4078 UttamenhicLuc.
1178 4029 1349 4094 primocasu

119 4126 185 4162 usus
212 4114 262 4172 est,
290 4111 328 4162 sic
354 4115 453 4177 quarto
473 4111 530 4163 Liv.
549 4112 654 4174 42,12,7
674 4113 777 4164 tirnores
797 4114 903 4167 desertos
918 4133 967 4183 per
985 4117 1104 4167 incultum
1123 4125 1146 4168 ct
1164 4117 1348 4185 nepliqeatr'om.

119 4185 186 4248 455
205 4214 266 4266 sqq.
303 4198 499 4252 Anacolutlron
519 4200 641 4252 eiusdem
662 4203 771 4269 generis
791 4203 868 4254 ach.
888 4204 915 4266 l.‚
935 4186 984 4256 ubi
1004 4207 1192 4257 nominativus
1211 4207 1350 4273 excipitur

119 4287 283 4349 accusativo,
302 4286 421 4356 legimus
440 4288 513 4356 apud
534 4287 589 4341 Cic.
610 4289 644 4342 de
664 4291 710 4341 fin.
730 4291 807 4352 3,11:
828 4300 921 4344 ceterae
940 4293 1091 4361 disciplinae
1111 4331 1116 4344 .
1138 4331 1144 4344 .
1165 4332 1171 4344 .
1190 4310 1241 4346 cas.
1271 4283 1348 4345 461.

120 4373 177 4429 on.
195 4374 369 4429 ad'Herenn.
389 4377 450 4440 2,5:
470 4387 582 4446 tempora
600 4379 665 4431 cic:
679 4380 851 4448 praeteritum,
863 4381 1135 4450 iastoaacoasequena.
1158 4371 1234 4432 465.
1250 4384 1350 4435 Troiiu-

116 4478 207 4533 φησι,
224 4464 279 4518 476
299 4464 442 4531 Troiianis,
460 4467 510 4518 477
533 4466 757 4537 Graiiuqeaorum.
795 4469 890 4535 Quint.
910 4471 1014 4534 1,4‚11:
1037 4473 1212 4528 isciatctiam
1223 4471 1348 4527 Ciceroni
