3106 5034
215 491 320 580 atque
346 482 414 554 alia
439 480 613 566 adtribui,
641 480 841 578 mutarique
866 481 989 552 ordine
1015 481 1207 578 quaedam,

167 578 172 588 ’
215 599 244 672 si
269 606 386 671 tamen
413 596 545 668 ardoris
571 604 729 668 naturam
758 607 884 669 cuneta
909 604 1084 669 tenerent:

215 714 307 811 ignis
332 713 426 785 enim
453 712 540 783 foret
566 711 778 784 omnimodis
804 712 1054 809 quodcumque
1081 720 1254 784 crearent.

215 854 355 914 verum,
382 836 421 903 ut
448 827 590 925 opinor,
616 828 715 899 itast:
730 836 812 899 sunt
826 827 998 924 quaedam
1013 853 1175 925 corpora,
1191 853 1342 925 quorum

116 967 168 1018 685
214 968 402 1017 concursus
429 952 543 1014 motus
569 941 653 1013 ordo
681 943 836 1039 positura
862 945 993 1039 figurae

215 1060 373 1132 efficiunt
399 1058 509 1156 ignis,
538 1065 745 1153 mutatoque
772 1059 895 1131 ordine
923 1066 1061 1130 mutant

216 1184 397 1260 naturam,
426 1199 539 1271 neque
565 1181 647 1244 sunt
673 1174 747 1270 igni
773 1174 936 1246 simulata
963 1199 1077 1270 neque
1104 1173 1169 1245 ulli

216 1301 392 1390 praeterea
418 1291 467 1362 rei
494 1315 583 1386 quae
610 1315 753 1387 corpora
780 1291 917 1362 mittere
943 1288 1050 1385 possit

216 1405 374 1478 sensibus
399 1413 433 1476 et
459 1413 591 1477 nostros
617 1405 755 1476 adiectu
782 1413 923 1501 tangere
948 1413 1079 1477 tactus.

216 1520 331 1593 dicere
357 1545 459 1618 porro
485 1520 600 1616 ignem
629 1545 682 1592 res
708 1521 823 1592 omnis
848 1546 939 1606 esse,
967 1545 1081 1616 neque
1108 1521 1218 1593 ullam
1419 1541 1445 1594 4.

216 1662 289 1709 rem
316 1661 431 1708 veram
458 1637 494 1707 in
522 1661 669 1709 numero
695 1661 812 1708 rerum
839 1645 995 1708 constare
1022 1635 1089 1707 nisi
1116 1636 1255 1733 ignem,

217 1751 313 1849 quod
339 1751 423 1823 facit
449 1751 505 1822 hic
531 1751 645 1836 idem,
674 1752 888 1849 perdelirum
915 1777 986 1824 esse
1013 1752 1161 1824 videtur.

217 1892 299 1939 nam
326 1875 445 1938 contra
470 1891 589 1938 sensus
614 1867 659 1938 ab
684 1868 843 1939 sensibus
868 1868 942 1965 ipse
968 1876 1158 1964 repugnat,

217 1992 252 2054 et
278 1982 462 2054 labefactat
487 2007 562 2066 eos,
590 1982 685 2080 unde
711 1983 829 2054 onmia
856 1983 988 2055 eredita
1015 1983 1188 2080 pendent,

217 2097 313 2170 unde
339 2097 396 2169 hic
423 2098 583 2193 cognitus
609 2106 659 2170 est
685 2099 752 2196 ipsi
779 2125 884 2196 quem
912 2099 1070 2170 nominat
1096 2099 1232 2196 ignem:

218 2213 446 2287 creditenim
475 2239 593 2285 sensns
618 2213 735 2311 ignem
763 2240 965 2311 cognoscere
990 2239 1087 2299 vore,

218 2336 331 2402 cetera
357 2354 425 2400 non
454 2328 592 2414 credit‚-
610 2355 700 2426 quae
726 2329 798 2401 nilo
825 2329 917 2401 clara
943 2331 1060 2402 minus
1085 2340 1185 2404 sunt.

220 2443 315 2542 quod
343 2444 431 2516 mihi
458 2470 537 2517 cum
566 2471 693 2516 vanum
724 2461 797 2517 tum
826 2445 978 2518 delirum
1005 2471 1076 2518 esse
1102 2446 1259 2519 videtur:

218 2585 289 2657 quo
315 2560 504 2631 referemus
530 2561 654 2631 enirn?
679 2560 768 2657 qnid
795 2561 895 2632 nobis
921 2562 1048 2633 eortius
1074 2562 1158 2658 ipsis

123 2697 174 2748 tuo
217 2676 375 2748 sensibus
401 2701 472 2748 esse
499 2684 628 2772 potest,
657 2677 719 2772 qui
747 2701 824 2748 vera
850 2702 889 2748 ao
916 2677 1001 2748 falsa
1027 2678 1214 2750 notemus?

221 2801 399 2890 praeterea·
421 2818 529 2888 quaro
556 2793 744 2888 quisquam
772 2792 882 2888 magis
908 2793 1026 2864 omnia
1052 2793 1151 2864 tollat

220 2918 253 2981 et
278 2909 362 2980 velit
388 2909 520 2980 ardoris
547 2915 707 2979 naturam
735 2907 894 3004 linquere
920 2907 1048 2992 solam,

220 3049 327 3121 quam
354 3033 456 3121 neget
481 3049 552 3096 esse
578 3024 687 3120 ignis,
715 3023 856 3120 quidvis
883 3031 999 3095 tamen
1026 3048 1097 3095 esse
1123 3022 1325 3119 relinquat?

219 3165 331 3236 aequa
355 3140 495 3211 videtur
520 3140 614 3212 enim
641 3139 817 3211 dementia
843 3139 958 3210 dicere
984 3147 1193 3236 utrumque.

123 3274 173 3326 705
269 3255 490 3353 Quapropter
504 3256 566 3352 qui
582 3256 760 3327 materiem
776 3280 890 3326 rerum
907 3279 978 3326 esse
989 3266 1159 3351 putarunt
1201 3289 1289 3341 neque
1299 3273 1316 3324 4
1327 3274 1452 3324 minasve

219 3370 335 3467 ignem
364 3382 469 3468 atque
494 3397 535 3443 ex
560 3372 634 3469 igni
660 3396 834 3442 summam
861 3370 1045 3442 consistere
1072 3395 1187 3467 posse,
1268 3344 1413 3397 elementa.

122 3679 170 3744 δεῖ
190 3701 223 3743 τι
235 3671 414 3759 docuerant
428 3726 434 3740 .
449 3726 456 3740 .
472 3724 478 3738 .
495 3725 501 3739 .
516 3669 702 3754 ἀδιάλυτον,
716 3669 736 3739 ὃ
748 3674 805 3747 τὰς
817 3673 999 3758 μεταβολὰς
1013 3725 1019 3739 .
1035 3725 1041 3738 .
1057 3725 1064 3738 .
1079 3724 1086 3739 .
1100 3672 1284 3769 corporeae.
1298 3720 1306 3738 .
1321 3722 1328 3736 .
1343 3723 1350 3736 .

123 3786 204 3852 κατὰ
225 3788 419 3868 μεταθέσεις
441 3784 501 3866 μὲν
525 3783 665 3861 πολλῶν,
690 3784 785 3845 τινῶν
810 3782 843 3846 δὲ
867 3779 919 3845 καὶ
933 3782 1117 3866 προσόδους
1129 3776 1182 3844 καὶ
1196 3773 1350 3863 ἀφόδους.

123 3882 197 3944 687.
235 3901 354 3944 naturum
381 3908 417 3944 se.
445 3893 493 3942 rei.
519 3921 553 3928 -
577 3891 697 3941 annulata
717 3892 733 3940 i.
753 3906 776 3941 s.
796 3889 906 3940 similia.
944 3887 1000 3940 cn.
1020 3888 1098 3950 4363
1118 3893 1145 3939 et
1163 3885 1220 3938 Cic.
1239 3885 1272 3938 ad
1294 3887 1351 3937 Att.

124 3985 192 4048 9,8,2
218 3982 367 4035 Mineruam
385 3981 531 4033 simulatam
551 3979 673 4031 Mentori.
720 3967 795 4028 689.
836 3978 958 4032 indicere
978 3984 1018 4028 est
1038 3979 1076 4028 ita
1096 3978 1190 4037 iacere,
1202 3981 1232 4027 ut
1243 3975 1277 4026 ad
1288 3992 1350 4027 eum

125 4074 224 4136 locum,
252 4087 334 4140 quem
362 4069 498 4121 iaculator
527 4070 603 4136 petit,
633 4067 802 4135 perveniat‚''
840 4066 896 4118 Cfr.
916 4066 1012 4128 4,673;
1033 4066 1121 4128 5,567.
1140 4095 1174 4102 —
1193 4072 1272 4116 tactor
1290 4066 1309 4115 i.
1328 4081 1351 4115 e.

125 4178 227 4215 sensus.
274 4147 347 4208 693.
385 4167 472 4210 costra
484 4197 489 4208 .
502 4196 507 4208 .
519 4195 525 4208 .
537 4195 542 4207 .
555 4158 595 4209 ab.
616 4155 671 4208 Cic.
691 4156 724 4208 ‹le
744 4158 800 4207 inv.
821 4156 864 4217 tat
883 4172 899 4206 a
919 4155 1050 4206 mendacio
1069 4161 1156 4204 cenna
1175 4169 1259 4204 oerum
1277 4160 1351 4204 stare.

125 4249 180 4304 cfr.
199 4251 233 4303 ad
253 4250 314 4301 935.
360 4235 434 4296 700.
473 4247 518 4314 qui
535 4249 553 4298 i.
573 4263 596 4298 e.
615 4262 686 4313 qno;
709 4245 883 4296 referendum
904 4249 944 4295 est
963 4244 997 4296 ad
1016 4243 1079 4311 quid
1096 4242 1352 4310 (east-Heracu-

127 4353 170 4400 tus
187 4354 299 4401 conns:
319 4336 372 4403 διὰ
395 4360 459 4401 των
484 4333 672 4423 αἰσθήσεων
698 4336 809 4415 γνῶσις
833 4327 1060 4419 ἀνθρώποισιν
1086 4325 1235 4418 ἀγνωσίη.
1275 4337 1351 4398 703.

128 4444 261 4517 relinquere
280 4447 298 4496 i.
318 4461 341 4499 e.
361 4444 515 4500 concedere.
563 4430 636 4495 706.
674 4459 798 4495 autumant
817 4459 852 4494 sc.
873 4458 963 4495 rernm
984 4443 1001 4492 i.
1021 4457 1043 4495 e.
1064 4455 1157 4493 omnes
1177 4454 1228 4491 res.
