3106 5034
251 489 293 535 ne
319 463 406 535 forte
432 463 516 536 haec
544 489 605 561 per
631 490 665 536 se
692 473 818 561 cogant
843 490 905 536 nos
930 489 1001 536 esse
1027 464 1146 549 lateri,

250 579 392 676 quando
417 605 457 651 ea
478 579 589 651 saecla
603 579 802 665 hominum,
818 605 969 677 quorum
985 579 1068 651 haec
1082 588 1204 652 eventa
1217 580 1378 665 fuerunt,

249 693 492 766 inrevocabilis
517 695 700 767 abstulerit
726 696 793 767 iam
823 696 1008 792 praeterita
1035 706 1149 767 aetas:

252 836 405 907 namque
430 810 513 882 viris
539 810 645 895 aliut,
673 811 762 883 aliut
787 811 989 907 regionibus
1015 810 1100 907 ipsis
1180 896 1181 900 Ἰ

251 935 415 998 eventum
442 926 513 998 diei
540 927 666 1023 poterit
692 927 942 1023 quodcumque
968 927 1033 998 erit
1059 933 1195 997 actum.

252 1041 405 1138 denique
432 1042 591 1114 materies
617 1043 645 1113 si
671 1067 788 1114 rerum
815 1041 913 1113 nulla
939 1043 1077 1125 luisset,

250 1182 313 1229 nec
340 1156 435 1229 locus
461 1183 500 1229 ac
526 1158 696 1253 spatium,
725 1183 777 1229 res
803 1157 840 1228 in
869 1183 939 1254 quo
966 1182 1126 1254 quaeque
1152 1166 1343 1253 geruntur,

250 1298 444 1369 numquam
472 1272 682 1370 Tyndaridis
707 1272 838 1345 formae
864 1273 1034 1366 conflatus
1060 1297 1177 1344 amore

250 1388 360 1484 ignis,
388 1387 580 1460 Alexandri
607 1388 758 1485 Phrygio
784 1388 850 1459 sub
876 1396 1014 1485 pectore
1039 1388 1206 1485 gliscem,

250 1502 342 1580 clara
367 1503 578 1575 accendisset
604 1504 694 1575 saevi
721 1503 910 1576 certamina
935 1504 1040 1589 belli,

251 1643 315 1690 nec
341 1618 430 1690 clam
457 1618 622 1691 durateus
648 1619 820 1691 Troiianis
846 1620 1013 1716 Pergama
1039 1628 1142 1716 partu

252 1733 500 1806 inflammasset
524 1760 632 1831 equos
658 1743 828 1807 nocturno
854 1735 1171 1832 Graiiugenarum;

252 1849 445 1946 perspicere
471 1858 511 1922 ut
538 1852 645 1948 possis
670 1876 723 1923 res
748 1860 859 1947 gestas
885 1851 1045 1922 funditus
1071 1851 1185 1922 omnis

252 1990 322 2036 non
348 1965 397 2037 ita
422 1965 475 2036 uti
502 1991 627 2063 corpus
653 1991 714 2063 per
739 1991 774 2037 sc
800 1974 955 2038 constare
981 1991 1096 2062 neque
1122 1991 1212 2050 esse,

221 2151 223 2154 Α
254 2103 317 2150 nec
343 2079 476 2151 ratione
502 2080 617 2152 cluere
643 2081 765 2152 eadem
792 2106 862 2177 qua
887 2089 1019 2152 constet
1044 2081 1167 2166 inane,

254 2192 313 2266 sed
340 2195 450 2292 magis
475 2204 516 2267 ut
542 2196 665 2268 merito
692 2196 800 2293 possis
825 2203 947 2268 eventa
972 2222 1092 2269 vocare

254 2311 424 2407 corporis,
452 2319 556 2408 atque
583 2312 668 2397 loci,
695 2337 748 2383 res
774 2312 809 2382 in
837 2338 907 2408 quo
934 2337 1094 2408 quaeque
1119 2320 1302 2408 gerantur.

301 2427 454 2523 Corpora
478 2436 561 2499 sunt
586 2452 688 2523 porro
714 2427 840 2524 partim
868 2427 1060 2523 primordia
1085 2453 1222 2512 rerum,
1250 2429 1399 2496 primordia
1418 2434 1482 2480 sunt

1268 2500 1358 2552 soli-la
1376 2505 1458 2566 atque

253 2541 377 2638 partim
407 2543 554 2614 concilio
579 2568 669 2639 quae
694 2550 852 2615 constant
877 2543 1149 2641 principiorum.
1302 2577 1421 2624 aeterna.

253 2658 312 2729 sed
340 2683 429 2754 quae
454 2667 536 2731 sunt
561 2645 678 2730 rerum
705 2659 915 2756 primordia,
943 2658 1040 2730 nulla
1067 2667 1179 2755 potest
1204 2659 1255 2729 vis

254 2774 447 2871 stinguere:
475 2800 555 2847 nam
582 2774 693 2847 solido
719 2774 865 2846 vincunt
890 2801 930 2846 ea
956 2799 1097 2871 corpore
1124 2773 1288 2846 demum.

256 2890 320 2962 etsi
347 2890 488 2962 difficile
514 2916 585 2962 esse
611 2890 750 2962 videtur
776 2890 914 2961 credere
941 2890 1131 2986 quicquam

256 3005 293 3076 in
320 3007 424 3077 rebus
450 3006 561 3077 solido
587 3006 731 3102 reperiri
758 3030 899 3102 corpore
926 3031 1040 3102 posse.

255 3122 377 3193 transit
403 3121 497 3193 enim
524 3121 659 3193 fulmen
687 3121 773 3193 caeli
800 3146 861 3218 per
887 3128 1004 3218 saepta
1030 3121 1216 3192 domorum

156 3257 210 3309 490
254 3238 384 3311 clamor
409 3247 450 3310 ut
475 3263 514 3310 ac
541 3264 657 3323 voces,
684 3238 815 3310 ferrum
843 3237 1016 3309 candescit
1043 3237 1079 3307 in
1106 3237 1199 3333 igni,

255 3354 503 3450 dissiliuntque
528 3354 600 3426 iero
626 3354 772 3426 ferventi
798 3380 878 3426 saxa
904 3379 1051 3451 vapore:

161 3475 361 3483 -.---

158 3533 291 3601 placuisse
320 3534 375 3584 aiio
403 3533 568 3599 Maiiamque
596 3534 736 3600 geminata
765 3532 776 3582 ι’
802 3529 946 3582 scribere.'’
984 3531 1023 3582 Ea
1043 3532 1184 3597 antiquior
1203 3531 1339 3597 scriptura
1359 3536 1385 3583 et

156 3623 350 3688 manuscriptis
369 3626 396 3672 et
406 3622 632 3688 inscriptionibus
642 3622 722 3673 nobis
733 3620 833 3672 tradita
844 3625 892 3671 est.
932 3608 1008 3669 468.
1056 3620 1184 3671 abstulerit
1193 3621 1385 3672 coniunctivus

156 3712 288 3764 orationis
317 3711 455 3777 obliquae.
498 3698 575 3759 469.
622 3710 693 3760 aliut.
721 3709 824 3760 Littera
852 3718 861 3759 t
884 3709 1023 3760 interdum
1043 3709 1179 3776 syllabam
1201 3708 1334 3776 producit,
1355 3714 1385 3761 nt

157 3801 216 3862 227
240 3800 327 3867 sulpet
358 3806 385 3851 et
411 3800 507 3862 5‚1049
525 3799 606 3851 sciret.
653 3786 729 3847 476.
774 3798 892 3850 durateus
911 3800 953 3849 ic.
973 3786 1153 3872 δουράτεος.
1202 3797 1285 3864 Odys.
1305 3798 1383 3860 8,492

158 3900 265 3960 ίιιιιου
285 3896 410 3976 κόσμοι
423 3891 533 3960 ἄεισον
546 3894 732 3979 δουρατέου,
745 3892 804 3956 τὸν
813 3884 942 3964 Ἐπειὸς
954 3892 1108 3980 ἐποίησεν
1122 3890 1184 3958 adr
1193 3885 1326 3981 Ἀθήνῃ.
1341 3932 1353 3942 -ι
1369 3932 1384 3941 -

156 4004 221 4054 clam
244 4002 383 4054 Troiianis.
428 3990 503 4052 477.
550 4018 623 4069 equos
642 4002 684 4051 ie.
704 4016 800 4067 equus.
842 3986 918 4047 480.
965 4001 1045 4051 cluere
1065 4001 1108 4051 ie.
1127 3999 1181 4051 dici
1201 4016 1236 4051 sc.
1252 4005 1384 4052 constare.

157 4121 192 4128 —
210 4091 297 4143 eadem
316 4097 356 4143 est
375 4091 491 4143 duarum
512 4090 697 4158 syllabarum;
717 4090 765 4140 cfr.
785 4088 818 4140 ad
839 4089 899 4139 306.
938 4075 1003 4137 483
1024 4104 1064 4155 sq.
1084 4089 1159 4173 Elpia.
1179 4088 1222 4140 ad.
1239 4088 1385 4141 Herod.40

157 4181 221 4243 τῶν
253 4180 413 4261 σωμάτων
444 4179 484 4245 ιὰ
514 4178 879 4264 percutiebamur,
904 4170 1000 4242 τὰδ’
1025 4177 1057 4254 ἐξ
1079 4176 1124 4242 aiv
1148 4178 1185 4240 αἱ
1205 4178 1385 4265 συγκρίσεις

157 4271 366 4358 πεποίηνται.
405 4275 481 4336 490.
516 4292 671 4338 arsetam
693 4285 1076 4338 volubiliteracsinelaborc.
1110 4273 1186 4333 491.
1221 4284 1384 4353 coporapud

157 4376 220 4427 Luc.
240 4392 346 4444 semper
364 4379 435 4445 sign.
455 4376 587 4437 calorem3
607 4391 691 4442 quem
712 4376 854 4426 materiam
874 4390 931 4425 esse
950 4373 1037 4437 docet,
1057 4390 1093 4426 sc.
1109 4373 1385 4444 calidumvuporenr.

157 4465 212 4522 uc.
232 4466 390 4531 3,ese-43.
410 4467 561 4532 cassare.
