<?xml version="1.0" encoding="UTF-8"?>
<!DOCTYPE html PUBLIC "-//W3C//DTD XHTML 1.0 Transitional//EN"
    "http://www.w3.org/TR/xhtml1/DTD/xhtml1-transitional.dtd">
<html xmlns="http://www.w3.org/1999/xhtml" xml:lang="en" lang="en">
 <head>
  <title>
</title>
<meta http-equiv="Content-Type" content="text/html;charset=utf-8" />
  <meta name='ocr-system' content='tesseract 3.04.00' />
  <meta name='ocr-capabilities' content='ocr_page ocr_carea ocr_par ocr_line ocrx_word'/>
</head>
<body>
  <div class='ocr_page' id='page_1' title='image "./dererumnaturali03carugoog_0058.png"; bbox 0 0 3106 5034; ppageno 0'>
   <div class='ocr_carea' id='block_1_1' title="bbox 123 499 1302 3834">
    <p class='ocr_par' dir='ltr' id='par_1_1' title="bbox 235 499 1296 1290">
     <span class='ocr_line' id='line_1_1' title="bbox 236 499 1149 597; baseline -0.003 -24"><span class='ocrx_word' id='word_1_1' title='bbox 236 503 357 574; x_wconf 83' lang='lat' dir='ltr'><strong>robore</strong></span> <span class='ocrx_word' id='word_1_2' title='bbox 384 527 465 574; x_wconf 91' lang='lat' dir='ltr'>cum</span> <span class='ocrx_word' id='word_1_3' title='bbox 492 501 564 573; x_wconf 84' lang='lat' dir='ltr'><strong>saxi</strong></span> <span class='ocrx_word' id='word_1_4' title='bbox 590 501 819 597; x_wconf 88' lang='lat' dir='ltr'>franguntur,</span> <span class='ocrx_word' id='word_1_5' title='bbox 847 500 984 571; x_wconf 88' lang='lat' dir='ltr'>mittere</span> <span class='ocrx_word' id='word_1_6' title='bbox 1009 499 1149 596; x_wconf 88' lang='lat' dir='ltr'>signum</span> 
     </span>
     <span class='ocr_line' id='line_1_2' title="bbox 235 615 1296 714; baseline -0.002 -26"><span class='ocrx_word' id='word_1_7' title='bbox 235 617 415 714; x_wconf 87' lang='lat' dir='ltr'>sanguinis</span> <span class='ocrx_word' id='word_1_8' title='bbox 440 625 501 688; x_wconf 93' lang='lat' dir='ltr'>aut</span> <span class='ocrx_word' id='word_1_9' title='bbox 527 616 682 713; x_wconf 88' lang='lat' dir='ltr'>aliquid,</span> <span class='ocrx_word' id='word_1_10' title='bbox 710 625 825 687; x_wconf 90' lang='lat' dir='ltr'>nostro</span> <span class='ocrx_word' id='word_1_11' title='bbox 851 641 941 711; x_wconf 91' lang='lat' dir='ltr'>quae</span> <span class='ocrx_word' id='word_1_12' title='bbox 967 639 1109 712; x_wconf 90' lang='lat' dir='ltr'>corpore</span> <span class='ocrx_word' id='word_1_13' title='bbox 1135 615 1296 699; x_wconf 85' lang='lat' dir='ltr'>aluntur3</span> 
     </span>
     <span class='ocr_line' id='line_1_3' title="bbox 235 731 1155 829; baseline -0.003 -26"><span class='ocrx_word' id='word_1_14' title='bbox 235 731 366 829; x_wconf 90' lang='lat' dir='ltr'>pabula</span> <span class='ocrx_word' id='word_1_15' title='bbox 392 758 473 803; x_wconf 91' lang='lat' dir='ltr'>cum</span> <span class='ocrx_word' id='word_1_16' title='bbox 501 731 611 828; x_wconf 88' lang='lat' dir='ltr'>lapidi</span> <span class='ocrx_word' id='word_1_17' title='bbox 638 732 804 814; x_wconf 87' lang='lat' dir='ltr'>terimus,</span> <span class='ocrx_word' id='word_1_18' title='bbox 832 755 972 801; x_wconf 89' lang='lat' dir='ltr'>manare</span> <span class='ocrx_word' id='word_1_19' title='bbox 998 755 1155 802; x_wconf 88' lang='lat' dir='ltr'>cruorem</span> 
     </span>
     <span class='ocr_line' id='line_1_4' title="bbox 239 847 1185 944; baseline -0.001 -25"><span class='ocrx_word' id='word_1_20' title='bbox 239 847 413 919; x_wconf 85' lang='lat' dir='ltr'>consimili</span> <span class='ocrx_word' id='word_1_21' title='bbox 445 848 577 918; x_wconf 86' lang='lat' dir='ltr'>ratione</span> <span class='ocrx_word' id='word_1_22' title='bbox 604 847 721 918; x_wconf 82' lang='lat' dir='ltr'>herbis</span> <span class='ocrx_word' id='word_1_23' title='bbox 746 873 887 944; x_wconf 91' lang='lat' dir='ltr'>quoque</span> <span class='ocrx_word' id='word_1_24' title='bbox 912 872 1013 944; x_wconf 87' lang='lat' dir='ltr'>saepe</span> <span class='ocrx_word' id='word_1_25' title='bbox 1040 848 1185 919; x_wconf 79' lang='lat' dir='ltr'>decebat</span> 
     </span>
     <span class='ocr_line' id='line_1_5' title="bbox 236 962 1062 1059; baseline 0 -25"><span class='ocrx_word' id='word_1_26' title='bbox 236 970 270 1034; x_wconf 90' lang='lat' dir='ltr'>ct</span> <span class='ocrx_word' id='word_1_27' title='bbox 296 963 408 1059; x_wconf 84' lang='lat' dir='ltr'>laticis</span> <span class='ocrx_word' id='word_1_28' title='bbox 434 962 547 1034; x_wconf 88' lang='lat' dir='ltr'>dulcis</span> <span class='ocrx_word' id='word_1_29' title='bbox 571 971 687 1059; x_wconf 89' lang='lat' dir='ltr'>guttas</span> <span class='ocrx_word' id='word_1_30' title='bbox 712 963 891 1059; x_wconf 86' lang='lat' dir='ltr'>similique</span> <span class='ocrx_word' id='word_1_31' title='bbox 916 987 1036 1058; x_wconf 88' lang='lat' dir='ltr'>sapore</span> <span class='ocrx_word' id='word_1_32' title='bbox 1060 1045 1062 1049; x_wconf 11' lang='lat'><strong>¹</strong></span> 
     </span>
     <span class='ocr_line' id='line_1_6' title="bbox 237 1076 1100 1175; baseline 0 -26"><span class='ocrx_word' id='word_1_33' title='bbox 237 1079 393 1163; x_wconf 91' lang='lat' dir='ltr'>mittere,</span> <span class='ocrx_word' id='word_1_34' title='bbox 422 1078 594 1175; x_wconf 83' lang='lat' dir='ltr'>lanigerae</span> <span class='ocrx_word' id='word_1_35' title='bbox 620 1077 716 1174; x_wconf 91' lang='lat' dir='ltr'>quali</span> <span class='ocrx_word' id='word_1_36' title='bbox 743 1085 824 1149; x_wconf 88' lang='lat' dir='ltr'>sunt</span> <span class='ocrx_word' id='word_1_37' title='bbox 850 1078 957 1150; x_wconf 89' lang='lat' dir='ltr'>ubere</span> <span class='ocrx_word' id='word_1_38' title='bbox 983 1076 1100 1162; x_wconf 88' lang='lat' dir='ltr'>lactis;</span> 
     </span>
     <span class='ocr_line' id='line_1_7' title="bbox 237 1193 1045 1290; baseline 0 -26"><span class='ocrx_word' id='word_1_39' title='bbox 237 1193 386 1278; x_wconf 91' lang='lat' dir='ltr'>scilicet,</span> <span class='ocrx_word' id='word_1_40' title='bbox 414 1201 448 1265; x_wconf 90' lang='lat' dir='ltr'>et</span> <span class='ocrx_word' id='word_1_41' title='bbox 472 1193 583 1290; x_wconf 84' lang='lat' dir='ltr'>glebis</span> <span class='ocrx_word' id='word_1_42' title='bbox 609 1201 780 1264; x_wconf 89' lang='lat' dir='ltr'>terrarum</span> <span class='ocrx_word' id='word_1_43' title='bbox 807 1218 908 1289; x_wconf 91' lang='lat' dir='ltr'>saepe</span> <span class='ocrx_word' id='word_1_44' title='bbox 934 1193 1045 1264; x_wconf 88' lang='lat' dir='ltr'>friatis</span> 
     </span>
    </p>

    <p class='ocr_par' dir='ltr' id='par_1_2' title="bbox 123 1300 1149 1412">
     <span class='ocr_line' id='line_1_8' title="bbox 123 1300 1149 1412; baseline 0.001 -33"><span class='ocrx_word' id='word_1_45' title='bbox 123 1404 127 1412; x_wconf 24' lang='grc' dir='ltr'>ι</span> <span class='ocrx_word' id='word_1_46' title='bbox 238 1308 425 1380; x_wconf 87' lang='lat' dir='ltr'>herbarum</span> <span class='ocrx_word' id='word_1_47' title='bbox 452 1334 577 1405; x_wconf 88' lang='lat' dir='ltr'>genera</span> <span class='ocrx_word' id='word_1_48' title='bbox 603 1317 637 1380; x_wconf 90' lang='lat' dir='ltr'>et</span> <span class='ocrx_word' id='word_1_49' title='bbox 662 1300 779 1404; x_wconf 88' lang='lat' dir='ltr'>fruges</span> <span class='ocrx_word' id='word_1_50' title='bbox 804 1308 1013 1405; x_wconf 83' lang='lat' dir='ltr'>frondesque</span> <span class='ocrx_word' id='word_1_51' title='bbox 1040 1309 1149 1381; x_wconf 89' lang='lat' dir='ltr'>videri</span> 
     </span>
    </p>

    <p class='ocr_par' dir='ltr' id='par_1_3' title="bbox 139 1424 1208 2190">
     <span class='ocr_line' id='line_1_9' title="bbox 139 1424 1028 1521; baseline 0.002 -27"><span class='ocrx_word' id='word_1_52' title='bbox 139 1444 192 1495; x_wconf 78' lang='lat'>890</span> <span class='ocrx_word' id='word_1_53' title='bbox 236 1424 417 1521; x_wconf 88' lang='lat' dir='ltr'>dispertite</span> <span class='ocrx_word' id='word_1_54' title='bbox 443 1425 533 1496; x_wconf 88' lang='lat' dir='ltr'>inter</span> <span class='ocrx_word' id='word_1_55' title='bbox 559 1433 685 1496; x_wconf 90' lang='lat' dir='ltr'>terram</span> <span class='ocrx_word' id='word_1_56' title='bbox 713 1424 847 1496; x_wconf 86' lang='lat' dir='ltr'>latitare</span> <span class='ocrx_word' id='word_1_57' title='bbox 874 1425 1028 1510; x_wconf 91' lang='lat' dir='ltr'>minute,</span> 
     </span>
     <span class='ocr_line' id='line_1_10' title="bbox 238 1540 1174 1637; baseline 0.001 -27"><span class='ocrx_word' id='word_1_58' title='bbox 238 1548 411 1636; x_wconf 89' lang='lat' dir='ltr'>postremo</span> <span class='ocrx_word' id='word_1_59' title='bbox 436 1541 472 1610; x_wconf 93' lang='lat' dir='ltr'>in</span> <span class='ocrx_word' id='word_1_60' title='bbox 500 1540 604 1636; x_wconf 89' lang='lat' dir='ltr'>lignis</span> <span class='ocrx_word' id='word_1_61' title='bbox 630 1541 782 1612; x_wconf 91' lang='lat' dir='ltr'>cinerem</span> <span class='ocrx_word' id='word_1_62' title='bbox 809 1541 1019 1637; x_wconf 84' lang='lat' dir='ltr'>fumumque</span> <span class='ocrx_word' id='word_1_63' title='bbox 1045 1541 1174 1626; x_wconf 88' lang='lat' dir='ltr'>videri,</span> 
     </span>
     <span class='ocr_line' id='line_1_11' title="bbox 238 1655 1208 1752; baseline 0.002 -26"><span class='ocrx_word' id='word_1_64' title='bbox 238 1681 319 1726; x_wconf 91' lang='lat' dir='ltr'>cum</span> <span class='ocrx_word' id='word_1_65' title='bbox 346 1655 537 1751; x_wconf 88' lang='lat' dir='ltr'>praefracta</span> <span class='ocrx_word' id='word_1_66' title='bbox 562 1656 692 1740; x_wconf 83' lang='lat' dir='ltr'>forent,</span> <span class='ocrx_word' id='word_1_67' title='bbox 720 1655 880 1752; x_wconf 84' lang='lat' dir='ltr'>ignisque</span> <span class='ocrx_word' id='word_1_68' title='bbox 906 1656 1011 1728; x_wconf 90' lang='lat' dir='ltr'>latere</span> <span class='ocrx_word' id='word_1_69' title='bbox 1037 1658 1208 1729; x_wconf 89' lang='lat' dir='ltr'>minutos.</span> 
     </span>
     <span class='ocr_line' id='line_1_12' title="bbox 239 1772 1195 1869; baseline 0.001 -26"><span class='ocrx_word' id='word_1_70' title='bbox 239 1797 388 1868; x_wconf 92' lang='lat' dir='ltr'>quorum</span> <span class='ocrx_word' id='word_1_71' title='bbox 417 1772 467 1843; x_wconf 92' lang='lat' dir='ltr'>nil</span> <span class='ocrx_word' id='word_1_72' title='bbox 495 1772 568 1843; x_wconf 91' lang='lat' dir='ltr'>fieri</span> <span class='ocrx_word' id='word_1_73' title='bbox 596 1772 760 1869; x_wconf 89' lang='lat' dir='ltr'>quoniam</span> <span class='ocrx_word' id='word_1_74' title='bbox 791 1772 972 1843; x_wconf 89' lang='lat' dir='ltr'>manifesta</span> <span class='ocrx_word' id='word_1_75' title='bbox 998 1772 1099 1844; x_wconf 89' lang='lat' dir='ltr'>docet</span> <span class='ocrx_word' id='word_1_76' title='bbox 1125 1797 1195 1857; x_wconf 89' lang='lat' dir='ltr'>res,</span> 
     </span>
     <span class='ocr_line' id='line_1_13' title="bbox 239 1887 1139 1971; baseline 0 -12"><span class='ocrx_word' id='word_1_77' title='bbox 239 1888 325 1959; x_wconf 91' lang='lat' dir='ltr'>scire</span> <span class='ocrx_word' id='word_1_78' title='bbox 352 1888 433 1959; x_wconf 92' lang='lat' dir='ltr'>licet</span> <span class='ocrx_word' id='word_1_79' title='bbox 459 1913 527 1958; x_wconf 93' lang='lat' dir='ltr'>non</span> <span class='ocrx_word' id='word_1_80' title='bbox 555 1912 625 1958; x_wconf 89' lang='lat' dir='ltr'>esse</span> <span class='ocrx_word' id='word_1_81' title='bbox 651 1888 687 1958; x_wconf 92' lang='lat' dir='ltr'>in</span> <span class='ocrx_word' id='word_1_82' title='bbox 715 1887 819 1958; x_wconf 88' lang='lat' dir='ltr'>rebus</span> <span class='ocrx_word' id='word_1_83' title='bbox 845 1911 897 1957; x_wconf 88' lang='lat' dir='ltr'>res</span> <span class='ocrx_word' id='word_1_84' title='bbox 922 1888 971 1958; x_wconf 90' lang='lat' dir='ltr'>ita</span> <span class='ocrx_word' id='word_1_85' title='bbox 997 1887 1139 1971; x_wconf 79' lang='lat' dir='ltr'>mixtae,</span> 
     </span>
     <span class='ocr_line' id='line_1_14' title="bbox 238 2002 1068 2074; baseline 0 0"><span class='ocrx_word' id='word_1_86' title='bbox 238 2028 357 2074; x_wconf 91' lang='lat' dir='ltr'>verum</span> <span class='ocrx_word' id='word_1_87' title='bbox 386 2003 519 2074; x_wconf 87' lang='lat' dir='ltr'>semina</span> <span class='ocrx_word' id='word_1_88' title='bbox 545 2002 764 2074; x_wconf 82' lang='lat' dir='ltr'>multimodis</span> <span class='ocrx_word' id='word_1_89' title='bbox 789 2002 937 2074; x_wconf 89' lang='lat' dir='ltr'>inmixta</span> <span class='ocrx_word' id='word_1_90' title='bbox 963 2002 1068 2074; x_wconf 87' lang='lat' dir='ltr'>latere</span> 
     </span>
     <span class='ocr_line' id='line_1_15' title="bbox 241 2117 1168 2190; baseline 0.001 -2"><span class='ocrx_word' id='word_1_91' title='bbox 241 2117 430 2189; x_wconf 91' lang='lat' dir='ltr'>multarum</span> <span class='ocrx_word' id='word_1_92' title='bbox 458 2143 575 2190; x_wconf 80' lang='lat' dir='ltr'>reruni</span> <span class='ocrx_word' id='word_1_93' title='bbox 602 2118 638 2189; x_wconf 94' lang='lat' dir='ltr'>in</span> <span class='ocrx_word' id='word_1_94' title='bbox 666 2119 769 2189; x_wconf 88' lang='lat' dir='ltr'>rebus</span> <span class='ocrx_word' id='word_1_95' title='bbox 795 2118 995 2189; x_wconf 82' lang='lat' dir='ltr'>conununia</span> <span class='ocrx_word' id='word_1_96' title='bbox 1022 2118 1168 2190; x_wconf 89' lang='lat' dir='ltr'>debent.</span> 
     </span>
    </p>

    <p class='ocr_par' dir='ltr' id='par_1_4' title="bbox 287 2225 1302 2331">
     <span class='ocr_line' id='line_1_16' title="bbox 287 2225 1302 2331; baseline 0.003 -28"><span class='ocrx_word' id='word_1_97' title='bbox 287 2230 347 2304; x_wconf 79' lang='lat' dir='ltr'>‘At</span> <span class='ocrx_word' id='word_1_98' title='bbox 372 2259 473 2330; x_wconf 89' lang='lat' dir='ltr'>saepe</span> <span class='ocrx_word' id='word_1_99' title='bbox 498 2234 535 2304; x_wconf 96' lang='lat' dir='ltr'>in</span> <span class='ocrx_word' id='word_1_100' title='bbox 563 2234 697 2330; x_wconf 89' lang='lat' dir='ltr'>magnis</span> <span class='ocrx_word' id='word_1_101' title='bbox 723 2235 763 2305; x_wconf 89' lang='lat' dir='ltr'>fit</span> <span class='ocrx_word' id='word_1_102' title='bbox 789 2234 977 2305; x_wconf 88' lang='lat' dir='ltr'>montibus’</span> <span class='ocrx_word' id='word_1_103' title='bbox 1005 2235 1124 2331; x_wconf 89' lang='lat' dir='ltr'>inquis</span> <span class='ocrx_word' id='word_1_104' title='bbox 1145 2225 1197 2306; x_wconf 83' lang='lat' dir='ltr'>‘ut</span> <span class='ocrx_word' id='word_1_105' title='bbox 1223 2234 1302 2306; x_wconf 91' lang='lat' dir='ltr'>altis</span> 
     </span>
    </p>

    <p class='ocr_par' dir='ltr' id='par_1_5' title="bbox 240 2349 1161 2653">
     <span class='ocr_line' id='line_1_17' title="bbox 240 2349 1116 2422; baseline 0 -2"><span class='ocrx_word' id='word_1_106' title='bbox 240 2349 422 2420; x_wconf 89' lang='lat' dir='ltr'>arboribus</span> <span class='ocrx_word' id='word_1_107' title='bbox 449 2349 562 2420; x_wconf 89' lang='lat' dir='ltr'>vicina</span> <span class='ocrx_word' id='word_1_108' title='bbox 588 2349 770 2421; x_wconf 89' lang='lat' dir='ltr'>cacumina</span> <span class='ocrx_word' id='word_1_109' title='bbox 796 2376 933 2421; x_wconf 90' lang='lat' dir='ltr'>summa</span> <span class='ocrx_word' id='word_1_110' title='bbox 959 2357 1116 2422; x_wconf 88' lang='lat' dir='ltr'>terantur</span> 
     </span>
     <span class='ocr_line' id='line_1_18' title="bbox 240 2464 1161 2562; baseline 0.002 -27"><span class='ocrx_word' id='word_1_111' title='bbox 240 2465 331 2536; x_wconf 87' lang='lat' dir='ltr'>inter</span> <span class='ocrx_word' id='word_1_112' title='bbox 356 2490 409 2550; x_wconf 90' lang='lat' dir='ltr'>se,</span> <span class='ocrx_word' id='word_1_113' title='bbox 437 2464 561 2537; x_wconf 86' lang='lat' dir='ltr'>validis</span> <span class='ocrx_word' id='word_1_114' title='bbox 586 2466 697 2537; x_wconf 84' lang='lat' dir='ltr'>facere</span> <span class='ocrx_word' id='word_1_115' title='bbox 724 2465 761 2536; x_wconf 89' lang='lat' dir='ltr'>id</span> <span class='ocrx_word' id='word_1_116' title='bbox 788 2466 992 2562; x_wconf 83' lang='lat' dir='ltr'>cogentibus</span> <span class='ocrx_word' id='word_1_117' title='bbox 1018 2465 1161 2550; x_wconf 91' lang='lat' dir='ltr'>austris,</span> 
     </span>
     <span class='ocr_line' id='line_1_19' title="bbox 240 2580 1011 2653; baseline 0.001 -2"><span class='ocrx_word' id='word_1_118' title='bbox 240 2580 349 2653; x_wconf 93' lang='lat' dir='ltr'>donec</span> <span class='ocrx_word' id='word_1_119' title='bbox 375 2581 531 2652; x_wconf 88' lang='lat' dir='ltr'>flammai</span> <span class='ocrx_word' id='word_1_120' title='bbox 557 2581 730 2653; x_wconf 85' lang='lat' dir='ltr'>fulserunt</span> <span class='ocrx_word' id='word_1_121' title='bbox 755 2582 839 2653; x_wconf 85' lang='lat' dir='ltr'>flore</span> <span class='ocrx_word' id='word_1_122' title='bbox 865 2581 1011 2653; x_wconf 93' lang='lat' dir='ltr'>coorto.&#39;</span> 
     </span>
    </p>

    <p class='ocr_par' dir='ltr' id='par_1_6' title="bbox 182 2695 1183 3139">
     <span class='ocr_line' id='line_1_20' title="bbox 182 2695 1183 2793; baseline 0.002 -27"><span class='ocrx_word' id='word_1_123' title='bbox 182 2715 183 2719; x_wconf 74' lang='grc'>’</span> <span class='ocrx_word' id='word_1_124' title='bbox 241 2696 390 2781; x_wconf 89' lang='lat' dir='ltr'>scilicet,</span> <span class='ocrx_word' id='word_1_125' title='bbox 418 2704 452 2768; x_wconf 92' lang='lat' dir='ltr'>et</span> <span class='ocrx_word' id='word_1_126' title='bbox 478 2722 547 2768; x_wconf 94' lang='lat' dir='ltr'>non</span> <span class='ocrx_word' id='word_1_127' title='bbox 574 2705 624 2768; x_wconf 89' lang='lat' dir='ltr'>est</span> <span class='ocrx_word' id='word_1_128' title='bbox 650 2695 754 2793; x_wconf 90' lang='lat' dir='ltr'>lignis</span> <span class='ocrx_word' id='word_1_129' title='bbox 779 2705 895 2769; x_wconf 89' lang='lat' dir='ltr'>tamen</span> <span class='ocrx_word' id='word_1_130' title='bbox 923 2697 1048 2769; x_wconf 88' lang='lat' dir='ltr'>insitus</span> <span class='ocrx_word' id='word_1_131' title='bbox 1074 2697 1183 2793; x_wconf 82' lang='lat' dir='ltr'>ignis,</span> 
     </span>
     <span class='ocr_line' id='line_1_21' title="bbox 243 2811 1113 2898; baseline 0.003 -18"><span class='ocrx_word' id='word_1_132' title='bbox 243 2836 361 2882; x_wconf 87' lang='lat' dir='ltr'>verum</span> <span class='ocrx_word' id='word_1_133' title='bbox 389 2811 522 2882; x_wconf 89' lang='lat' dir='ltr'>semina</span> <span class='ocrx_word' id='word_1_134' title='bbox 548 2820 629 2883; x_wconf 92' lang='lat' dir='ltr'>sunt</span> <span class='ocrx_word' id='word_1_135' title='bbox 654 2812 786 2884; x_wconf 85' lang='lat' dir='ltr'>ardoris</span> <span class='ocrx_word' id='word_1_136' title='bbox 813 2813 942 2898; x_wconf 89' lang='lat' dir='ltr'>multa,</span> <span class='ocrx_word' id='word_1_137' title='bbox 970 2813 1113 2885; x_wconf 90' lang='lat' dir='ltr'>terendo</span> 
     </span>
     <span class='ocr_line' id='line_1_22' title="bbox 234 2914 1154 3023; baseline 0 -25"><span class='ocrx_word' id='word_1_138' title='bbox 234 2914 332 3023; x_wconf 65' lang='lat' dir='ltr'>,quae</span> <span class='ocrx_word' id='word_1_139' title='bbox 359 2954 439 2999; x_wconf 83' lang='lat' dir='ltr'>cunr</span> <span class='ocrx_word' id='word_1_140' title='bbox 467 2928 682 3012; x_wconf 83' lang='lat' dir='ltr'>confluxere,</span> <span class='ocrx_word' id='word_1_141' title='bbox 710 2936 828 3000; x_wconf 91' lang='lat' dir='ltr'>creant</span> <span class='ocrx_word' id='word_1_142' title='bbox 853 2928 1017 3000; x_wconf 83' lang='lat' dir='ltr'>incendia</span> <span class='ocrx_word' id='word_1_143' title='bbox 1042 2928 1154 2999; x_wconf 88' lang='lat' dir='ltr'>silvis:</span> 
     </span>
     <span class='ocr_line' id='line_1_23' title="bbox 243 3043 1155 3139; baseline 0.002 -26"><span class='ocrx_word' id='word_1_144' title='bbox 243 3043 338 3139; x_wconf 91' lang='lat' dir='ltr'>quod</span> <span class='ocrx_word' id='word_1_145' title='bbox 364 3044 392 3114; x_wconf 89' lang='lat' dir='ltr'>si</span> <span class='ocrx_word' id='word_1_146' title='bbox 418 3043 508 3115; x_wconf 89' lang='lat' dir='ltr'>facta</span> <span class='ocrx_word' id='word_1_147' title='bbox 533 3043 621 3116; x_wconf 88' lang='lat' dir='ltr'>foret</span> <span class='ocrx_word' id='word_1_148' title='bbox 646 3045 740 3116; x_wconf 90' lang='lat' dir='ltr'>silvis</span> <span class='ocrx_word' id='word_1_149' title='bbox 766 3044 969 3116; x_wconf 88' lang='lat' dir='ltr'>abscondita</span> <span class='ocrx_word' id='word_1_150' title='bbox 995 3044 1155 3128; x_wconf 86' lang='lat' dir='ltr'>flamma,</span> 
     </span>
    </p>

    <p class='ocr_par' dir='ltr' id='par_1_7' title="bbox 183 3159 1196 3719">
     <span class='ocr_line' id='line_1_24' title="bbox 183 3159 1091 3257; baseline 0 -28"><span class='ocrx_word' id='word_1_151' title='bbox 183 3180 193 3190; x_wconf 81' lang='grc'><em>·</em></span> <span class='ocrx_word' id='word_1_152' title='bbox 231 3164 311 3230; x_wconf 66' lang='lat' dir='ltr'>‘non</span> <span class='ocrx_word' id='word_1_153' title='bbox 338 3167 477 3255; x_wconf 87' lang='lat' dir='ltr'>possent</span> <span class='ocrx_word' id='word_1_154' title='bbox 502 3159 616 3231; x_wconf 92' lang='lat' dir='ltr'>ullum</span> <span class='ocrx_word' id='word_1_155' title='bbox 644 3174 782 3257; x_wconf 88' lang='lat' dir='ltr'>tempus</span> <span class='ocrx_word' id='word_1_156' title='bbox 808 3159 950 3231; x_wconf 86' lang='lat' dir='ltr'>celarier</span> <span class='ocrx_word' id='word_1_157' title='bbox 976 3159 1091 3256; x_wconf 88' lang='lat' dir='ltr'>ignes,</span> 
     </span>
     <span class='ocr_line' id='line_1_25' title="bbox 242 3276 1125 3373; baseline 0 -28"><span class='ocrx_word' id='word_1_158' title='bbox 242 3276 450 3347; x_wconf 88' lang='lat' dir='ltr'>conficerent</span> <span class='ocrx_word' id='word_1_159' title='bbox 476 3276 576 3373; x_wconf 85' lang='lat' dir='ltr'>volgo</span> <span class='ocrx_word' id='word_1_160' title='bbox 601 3276 721 3360; x_wconf 82' lang='lat' dir='ltr'>silvae,</span> <span class='ocrx_word' id='word_1_161' title='bbox 749 3276 889 3347; x_wconf 88' lang='lat' dir='ltr'>arbusta</span> <span class='ocrx_word' id='word_1_162' title='bbox 915 3282 1125 3346; x_wconf 87' lang='lat' dir='ltr'>cremarent.</span> 
     </span>
     <span class='ocr_line' id='line_1_26' title="bbox 242 3390 1196 3488; baseline 0.001 -27"><span class='ocrx_word' id='word_1_163' title='bbox 242 3391 359 3462; x_wconf 90' lang='lat' dir='ltr'>iamne</span> <span class='ocrx_word' id='word_1_164' title='bbox 385 3391 481 3462; x_wconf 88' lang='lat' dir='ltr'>vides</span> <span class='ocrx_word' id='word_1_165' title='bbox 506 3392 633 3488; x_wconf 90' lang='lat' dir='ltr'>igitur,</span> <span class='ocrx_word' id='word_1_166' title='bbox 662 3390 767 3488; x_wconf 88' lang='lat' dir='ltr'>paulo</span> <span class='ocrx_word' id='word_1_167' title='bbox 794 3390 890 3487; x_wconf 90' lang='lat' dir='ltr'>quod</span> <span class='ocrx_word' id='word_1_168' title='bbox 917 3391 1070 3462; x_wconf 79' lang='lat' dir='ltr'>diximus</span> <span class='ocrx_word' id='word_1_169' title='bbox 1097 3399 1196 3476; x_wconf 84' lang='lat' dir='ltr'>ante,</span> 
     </span>
     <span class='ocr_line' id='line_1_27' title="bbox 243 3505 1071 3604; baseline 0.001 -27"><span class='ocrx_word' id='word_1_170' title='bbox 243 3507 424 3602; x_wconf 89' lang='lat' dir='ltr'>permagni</span> <span class='ocrx_word' id='word_1_171' title='bbox 451 3508 577 3579; x_wconf 88' lang='lat' dir='ltr'>referre</span> <span class='ocrx_word' id='word_1_172' title='bbox 603 3507 725 3578; x_wconf 87' lang='lat' dir='ltr'>eadem</span> <span class='ocrx_word' id='word_1_173' title='bbox 752 3505 945 3604; x_wconf 91' lang='lat' dir='ltr'>primordia</span> <span class='ocrx_word' id='word_1_174' title='bbox 970 3530 1071 3602; x_wconf 91' lang='lat' dir='ltr'>saepe</span> 
     </span>
     <span class='ocr_line' id='line_1_28' title="bbox 243 3621 1117 3719; baseline 0 -27"><span class='ocrx_word' id='word_1_175' title='bbox 243 3646 324 3692; x_wconf 90' lang='lat' dir='ltr'>cum</span> <span class='ocrx_word' id='word_1_176' title='bbox 351 3623 481 3718; x_wconf 92' lang='lat' dir='ltr'>quibus</span> <span class='ocrx_word' id='word_1_177' title='bbox 507 3632 541 3695; x_wconf 91' lang='lat' dir='ltr'>et</span> <span class='ocrx_word' id='word_1_178' title='bbox 567 3623 664 3719; x_wconf 87' lang='lat' dir='ltr'>quali</span> <span class='ocrx_word' id='word_1_179' title='bbox 690 3623 845 3719; x_wconf 87' lang='lat' dir='ltr'>positura</span> <span class='ocrx_word' id='word_1_180' title='bbox 872 3621 1117 3693; x_wconf 91' lang='lat' dir='ltr'>contineantur</span> 
     </span>
    </p>

    <p class='ocr_par' dir='ltr' id='par_1_8' title="bbox 146 3737 1107 3834">
     <span class='ocr_line' id='line_1_29' title="bbox 146 3737 1107 3834; baseline 0.005 -30"><span class='ocrx_word' id='word_1_181' title='bbox 146 3755 199 3805; x_wconf 86' lang='lat'>910</span> <span class='ocrx_word' id='word_1_182' title='bbox 242 3743 276 3808; x_wconf 92' lang='lat' dir='ltr'>et</span> <span class='ocrx_word' id='word_1_183' title='bbox 302 3763 389 3833; x_wconf 89' lang='lat' dir='ltr'>quos</span> <span class='ocrx_word' id='word_1_184' title='bbox 414 3738 505 3810; x_wconf 90' lang='lat' dir='ltr'>inter</span> <span class='ocrx_word' id='word_1_185' title='bbox 530 3765 565 3810; x_wconf 92' lang='lat' dir='ltr'>se</span> <span class='ocrx_word' id='word_1_186' title='bbox 591 3738 676 3810; x_wconf 93' lang='lat' dir='ltr'>dent</span> <span class='ocrx_word' id='word_1_187' title='bbox 702 3745 817 3810; x_wconf 90' lang='lat' dir='ltr'>motus</span> <span class='ocrx_word' id='word_1_188' title='bbox 843 3737 1107 3834; x_wconf 88' lang='lat' dir='ltr'>accipiantque,</span> 
     </span>
    </p>
   </div>
   <div class='ocr_carea' id='block_1_2' title="bbox 146 4011 1374 4274">
    <p class='ocr_par' dir='ltr' id='par_1_9' title="bbox 146 4011 1374 4274">
     <span class='ocr_line' id='line_1_30' title="bbox 191 4011 1374 4096; baseline 0.001 -19"><span class='ocrx_word' id='word_1_189' title='bbox 191 4016 267 4077; x_wconf 78' lang='grc'><strong>884.</strong></span> <span class='ocrx_word' id='word_1_190' title='bbox 305 4029 396 4096; x_wconf 81' lang='lat' dir='ltr'>lapidi.</span> <span class='ocrx_word' id='word_1_191' title='bbox 433 4028 532 4080; x_wconf 86' lang='lat' dir='ltr'>Sextus</span> <span class='ocrx_word' id='word_1_192' title='bbox 560 4042 638 4078; x_wconf 86' lang='lat' dir='ltr'>casus</span> <span class='ocrx_word' id='word_1_193' title='bbox 666 4043 745 4094; x_wconf 84' lang='lat' dir='ltr'>saepe</span> <span class='ocrx_word' id='word_1_194' title='bbox 765 4027 887 4078; x_wconf 86' lang='lat' dir='ltr'>admittit</span> <span class='ocrx_word' id='word_1_195' title='bbox 905 4027 917 4077; x_wconf 82' lang='lat' dir='ltr'>i</span> <span class='ocrx_word' id='word_1_196' title='bbox 934 4011 1055 4094; x_wconf 75' lang='lat' dir='ltr'>longam.</span> <span class='ocrx_word' id='word_1_197' title='bbox 1102 4013 1177 4076; x_wconf 84' lang='lat'><strong>885.</strong></span> <span class='ocrx_word' id='word_1_198' title='bbox 1215 4027 1295 4078; x_wconf 66' lang='lat' dir='ltr'>tobis</span> <span class='ocrx_word' id='word_1_199' title='bbox 1313 4027 1331 4078; x_wconf 90' lang='lat' dir='ltr'>i.</span> <span class='ocrx_word' id='word_1_200' title='bbox 1351 4042 1374 4078; x_wconf 86' lang='lat' dir='ltr'>e.</span> 
     </span>
     <span class='ocr_line' id='line_1_31' title="bbox 146 4104 1373 4185; baseline -0.002 -15"><span class='ocrx_word' id='word_1_201' title='bbox 146 4135 181 4170; x_wconf 90' lang='lat' dir='ltr'>ex</span> <span class='ocrx_word' id='word_1_202' title='bbox 209 4118 310 4170; x_wconf 79' lang='lat' dir='ltr'>herbis</span> <span class='ocrx_word' id='word_1_203' title='bbox 366 4104 440 4166; x_wconf 84' lang='lat'>887·</span> <span class='ocrx_word' id='word_1_204' title='bbox 487 4116 559 4184; x_wconf 81' lang='lat' dir='ltr'>quali</span> <span class='ocrx_word' id='word_1_205' title='bbox 585 4116 701 4184; x_wconf 85' lang='lat' dir='ltr'>(sopore)</span> <span class='ocrx_word' id='word_1_206' title='bbox 728 4125 786 4168; x_wconf 81' lang='lat' dir='ltr'>suot</span> <span class='ocrx_word' id='word_1_207' title='bbox 813 4117 930 4185; x_wconf 83' lang='lat' dir='ltr'>(guttae)</span> <span class='ocrx_word' id='word_1_208' title='bbox 960 4117 1032 4167; x_wconf 77' lang='lat' dir='ltr'>lactis</span> <span class='ocrx_word' id='word_1_209' title='bbox 1059 4117 1110 4184; x_wconf 84' lang='lat' dir='ltr'>(in)</span> <span class='ocrx_word' id='word_1_210' title='bbox 1138 4117 1210 4168; x_wconf 84' lang='lat' dir='ltr'>ubere</span> <span class='ocrx_word' id='word_1_211' title='bbox 1237 4115 1373 4184; x_wconf 66' lang='lat' dir='ltr'>lanigerae.</span> 
     </span>
     <span class='ocr_line' id='line_1_32' title="bbox 146 4195 1374 4274; baseline 0.001 -19"><span class='ocrx_word' id='word_1_212' title='bbox 146 4195 264 4274; x_wconf 77' lang='lat' dir='ltr'>89lsq.</span> <span class='ocrx_word' id='word_1_213' title='bbox 293 4207 379 4258; x_wconf 89' lang='lat' dir='ltr'>Lusus</span> <span class='ocrx_word' id='word_1_214' title='bbox 408 4207 554 4257; x_wconf 86' lang='lat' dir='ltr'>verborum</span> <span class='ocrx_word' id='word_1_215' title='bbox 582 4221 639 4257; x_wconf 87' lang='lat' dir='ltr'>esse</span> <span class='ocrx_word' id='word_1_216' title='bbox 667 4205 793 4257; x_wconf 89' lang='lat' dir='ltr'>videtur:</span> <span class='ocrx_word' id='word_1_217' title='bbox 823 4206 889 4273; x_wconf 77' lang='lat' dir='ltr'>ipor&#39;s</span> <span class='ocrx_word' id='word_1_218' title='bbox 918 4205 985 4258; x_wconf 84' lang='lat' dir='ltr'>latet</span> <span class='ocrx_word' id='word_1_219' title='bbox 1012 4207 1041 4256; x_wconf 94' lang='lat' dir='ltr'>in</span> <span class='ocrx_word' id='word_1_220' title='bbox 1069 4205 1154 4273; x_wconf 75' lang='lat' dir='ltr'>lippis.</span> <span class='ocrx_word' id='word_1_221' title='bbox 1183 4203 1238 4257; x_wconf 79' lang='lat' dir='ltr'>cfr.</span> <span class='ocrx_word' id='word_1_222' title='bbox 1267 4205 1317 4256; x_wconf 86' lang='lat'>901</span> <span class='ocrx_word' id='word_1_223' title='bbox 1347 4210 1374 4256; x_wconf 88' lang='lat' dir='ltr'>et</span> 
     </span>
    </p>
   </div>
   <div class='ocr_carea' id='block_1_3' title="bbox 146 4280 1375 4463">
    <p class='ocr_par' dir='ltr' id='par_1_10' title="bbox 146 4280 1375 4463">
     <span class='ocr_line' id='line_1_33' title="bbox 146 4280 1374 4371; baseline -0.002 -25"><span class='ocrx_word' id='word_1_224' title='bbox 146 4296 277 4348; x_wconf 75' lang='lat' dir='ltr'>ora-14.</span> <span class='ocrx_word' id='word_1_225' title='bbox 324 4292 400 4354; x_wconf 85' lang='lat' dir='ltr'>ooo.</span> <span class='ocrx_word' id='word_1_226' title='bbox 432 4295 467 4364; x_wconf 86' lang='lat' dir='ltr'>fl.</span> <span class='ocrx_word' id='word_1_227' title='bbox 482 4296 517 4363; x_wconf 81' lang='lat' dir='ltr'>fl.</span> <span class='ocrx_word' id='word_1_228' title='bbox 537 4292 593 4345; x_wconf 78' lang='lat' dir='ltr'>cfr.</span> <span class='ocrx_word' id='word_1_229' title='bbox 613 4293 691 4345; x_wconf 81' lang='lat' dir='ltr'>nom.</span> <span class='ocrx_word' id='word_1_230' title='bbox 711 4299 738 4345; x_wconf 73' lang='lat' dir='ltr'>a</span> <span class='ocrx_word' id='word_1_231' title='bbox 757 4294 886 4361; x_wconf 74' lang='lat' dir='ltr'>xesoyr.</span> <span class='ocrx_word' id='word_1_232' title='bbox 906 4285 1009 4371; x_wconf 75' lang='grc' dir='ltr'><em>πυρὸς</em></span> <span class='ocrx_word' id='word_1_233' title='bbox 1033 4280 1137 4357; x_wconf 58' lang='grc' dir='ltr'><strong><em>ἄνθος</em></strong></span> <span class='ocrx_word' id='word_1_234' title='bbox 1156 4300 1182 4346; x_wconf 87' lang='lat' dir='ltr'>et</span> <span class='ocrx_word' id='word_1_235' title='bbox 1201 4294 1280 4356; x_wconf 69' lang='lat' dir='ltr'>areo</span> <span class='ocrx_word' id='word_1_236' title='bbox 1299 4295 1374 4345; x_wconf 66' lang='lat' dir='ltr'>ruer-</span> 
     </span>
     <span class='ocr_line' id='line_1_34' title="bbox 146 4379 1375 4463; baseline -0.001 -20"><span class='ocrx_word' id='word_1_237' title='bbox 146 4410 237 4444; x_wconf 86' lang='lat' dir='ltr'>oorum</span> <span class='ocrx_word' id='word_1_238' title='bbox 250 4394 375 4463; x_wconf 78' lang='lat' dir='ltr'>florentio</span> <span class='ocrx_word' id='word_1_239' title='bbox 394 4393 491 4444; x_wconf 77' lang='lat' dir='ltr'>lamina</span> <span class='ocrx_word' id='word_1_240' title='bbox 515 4391 632 4443; x_wconf 71' lang='lat' dir='ltr'>daroma.</span> <span class='ocrx_word' id='word_1_241' title='bbox 679 4379 753 4440; x_wconf 83' lang='grc'><strong>902.</strong></span> <span class='ocrx_word' id='word_1_242' title='bbox 792 4393 891 4444; x_wconf 83' lang='lat' dir='ltr'>terendo</span> <span class='ocrx_word' id='word_1_243' title='bbox 907 4395 925 4444; x_wconf 88' lang='lat' dir='ltr'>i.</span> <span class='ocrx_word' id='word_1_244' title='bbox 938 4409 960 4446; x_wconf 86' lang='lat' dir='ltr'>e.</span> <span class='ocrx_word' id='word_1_245' title='bbox 971 4394 1116 4446; x_wconf 87' lang='lat' dir='ltr'>arboribus</span> <span class='ocrx_word' id='word_1_246' title='bbox 1126 4395 1198 4445; x_wconf 89' lang='lat' dir='ltr'>inter</span> <span class='ocrx_word' id='word_1_247' title='bbox 1209 4407 1236 4446; x_wconf 82' lang='lat' dir='ltr'>se</span> <span class='ocrx_word' id='word_1_248' title='bbox 1247 4391 1375 4444; x_wconf 85' lang='lat' dir='ltr'>terendis.</span> 
     </span>
    </p>
   </div>
   <div class='ocr_carea' id='block_1_4' title="bbox 148 4468 913 4554">
    <p class='ocr_par' dir='ltr' id='par_1_11' title="bbox 148 4468 913 4554">
     <span class='ocr_line' id='line_1_35' title="bbox 148 4468 913 4554; baseline 0 -20"><span class='ocrx_word' id='word_1_249' title='bbox 148 4470 222 4535; x_wconf 78' lang='lat'><strong>904·</strong></span> <span class='ocrx_word' id='word_1_250' title='bbox 254 4483 334 4552; x_wconf 83' lang='lat' dir='ltr'>facto</span> <span class='ocrx_word' id='word_1_251' title='bbox 353 4484 371 4533; x_wconf 90' lang='lat' dir='ltr'>i.</span> <span class='ocrx_word' id='word_1_252' title='bbox 391 4498 414 4533; x_wconf 84' lang='lat' dir='ltr'>e.</span> <span class='ocrx_word' id='word_1_253' title='bbox 434 4485 537 4554; x_wconf 82' lang='lat' dir='ltr'>parata.</span> <span class='ocrx_word' id='word_1_254' title='bbox 583 4468 659 4535; x_wconf 81' lang='lat'><strong>907·</strong></span> <span class='ocrx_word' id='word_1_255' title='bbox 698 4489 763 4538; x_wconf 81' lang='lat' dir='ltr'>ante.</span> <span class='ocrx_word' id='word_1_256' title='bbox 782 4481 832 4532; x_wconf 75' lang='lat'>817</span> <span class='ocrx_word' id='word_1_257' title='bbox 853 4497 913 4554; x_wconf 86' lang='lat' dir='ltr'>sqq.</span> 
     </span>
    </p>
   </div>
   <div class='ocr_carea' id='block_1_5' title="bbox 0 0 1569 5034">
    <p class='ocr_par' dir='ltr' id='par_1_12' title="bbox 0 0 1569 5034">
     <span class='ocr_line' id='line_1_36' title="bbox 0 0 1569 5034; baseline 0 0"><span class='ocrx_word' id='word_1_258' title='bbox 0 0 1569 5034; x_wconf 95' lang='lat' dir='ltr'> </span> 
     </span>
    </p>
   </div>
  </div>
 </body>
</html>
