3106 5034
256 475 352 539 tanta
378 475 483 564 queat
509 467 625 539 densis
652 468 806 563 rarisque
832 490 873 537 ex
899 465 1041 561 ignibus
1067 491 1156 537 esse.

158 598 216 655 (355'
256 584 293 656 id
320 609 478 681 quoque:
506 585 535 656 si
561 584 690 656 faciant
715 583 911 655 admixtum
939 582 1043 654 rebus
1068 581 1190 666 inane,

255 699 391 772 denseri
418 708 580 797 poterunt
606 700 703 795 ignes
730 699 868 794 rarique
894 697 1069 794 relinqui:

254 815 314 888 sed
340 816 424 912 quia
450 815 562 887 multa
587 815 655 886 sibi
681 823 829 886 cernunt
855 801 1025 885 contrario
1052 813 1170 884 adesse

255 939 289 1002 et
314 931 467 1027 fugitant
492 931 528 1002 in
555 931 659 1002 rebus
685 931 789 1002 inane
816 929 1013 1026 relinquere
1039 953 1191 1025 purum,

255 1045 365 1118 ardua.
391 1046 477 1117 durn
505 1055 686 1131 metuunt,
713 1048 882 1119 amittunt
907 1071 987 1117 vera
1012 1045 1100 1130 viai,

254 1186 317 1232 ncc
344 1186 483 1232 rursum
510 1171 658 1234 cernunt
683 1171 844 1260 exempto
870 1162 974 1233 rebus
999 1160 1097 1232 inani

255 1276 373 1348 omnia
400 1276 536 1349 denseri
563 1279 709 1374 fierique
735 1303 775 1349 ex
802 1278 966 1349 omnibus
993 1301 1106 1347 unum

256 1417 399 1488 corpus,
427 1392 478 1463 nil
504 1393 548 1464 ab
574 1419 609 1464 se
635 1392 730 1489 quod
757 1393 864 1490 possit
891 1391 1028 1463 mittere
1056 1390 1202 1487 raptim,

255 1507 392 1578 aestifer
417 1508 508 1603 ignis
534 1509 587 1579 uti
614 1508 733 1580 lumen
760 1508 842 1580 iacit
868 1516 972 1603 atque
998 1531 1181 1604 vaporem,

256 1630 296 1693 ut
322 1622 439 1694 videas
465 1649 533 1695 non
561 1650 579 1695 e
604 1625 740 1721 stipatis
766 1623 924 1719 partibus
949 1647 1038 1693 esse.

255 1738 350 1834 quod
376 1739 404 1810 si
431 1739 518 1811 forie
544 1741 612 1812 alia
638 1740 785 1812 credunt
812 1739 945 1810 ratione
971 1745 1103 1835 potesse

254 1853 344 1949 ignis
369 1855 405 1925 in
433 1864 533 1927 coetu
559 1856 690 1953 stingui
718 1864 924 1950 mutareque
950 1879 1094 1950 corpus,

253 1968 403 2055 scilicet,
431 1997 471 2042 ex
499 1971 597 2043 nulla
622 1971 734 2043 facere
760 1971 797 2041 id
824 1970 852 2041 si
879 1977 975 2066 parte
1001 1976 1200 2066 reparcent,

254 2085 388 2157 occidet
413 2086 457 2158 ad
483 2087 616 2171 nilum,
644 2087 833 2170 nimirum,
860 2084 1021 2156 funditus
1047 2085 1148 2156 ardor

254 2201 368 2272 ornnis
393 2210 427 2274 et
452 2228 470 2274 e
497 2203 569 2275 nilo
596 2204 680 2274 fient
705 2226 949 2299 quaecumque
976 2209 1154 2272 creantur:

254 2341 334 2387 nam
361 2318 611 2415 quodcumque
637 2319 708 2390 suis
735 2324 911 2390 mutatum
938 2317 1068 2388 finibus
1094 2316 1183 2400 exit,

255 2433 421 2505 continuo
448 2434 513 2506 hoc
540 2460 631 2506 mors
657 2442 707 2506 est
731 2433 828 2504 illius
854 2432 949 2528 quod
975 2432 1043 2503 fuit
1069 2440 1166 2503 ante.

256 2548 402 2644 proinde
429 2549 555 2646 aliquit
581 2575 743 2648 superare
769 2574 905 2620 necesse
931 2557 981 2620 est
1007 2547 1184 2620 incolume
1210 2547 1307 2631 ollis,

256 2688 299 2735 ne
325 2663 390 2735 tibi
417 2690 470 2736 res
495 2665 638 2737 redeant
663 2665 707 2737 ad
734 2664 847 2736 nilum
874 2664 1036 2735 funditus
1061 2689 1181 2735 omnes

256 2778 300 2850 de
325 2779 469 2877 niloque
496 2789 613 2852 renata
639 2782 788 2878 vigescat
815 2781 914 2876 copia
940 2805 1077 2851 rerum.

254 2919 349 2965 nunc
375 2895 483 2991 igitur
509 2896 676 2992 quoniam
703 2895 893 2967 certissima
919 2920 1062 2992 corpora
1089 2893 1261 2990 quaedam

256 3018 356 3095 sunt,
383 3037 473 3107 quae
499 3023 700 3084 conservant
726 3018 885 3083 naturam
914 3035 1049 3108 semper
1075 3009 1241 3094 eandem,

255 3150 406 3220 quorum
433 3127 532 3198 abitu
558 3135 619 3199 aut
644 3127 744 3199 aditu
772 3135 976 3223 mutatoque
1002 3126 1124 3198 ordine
1151 3133 1289 3196 mutant

254 3249 415 3314 naturam
442 3268 495 3314 res
520 3252 554 3314 et
580 3252 785 3315 convertunt
812 3266 954 3338 corpora
979 3266 1069 3325 sese,

254 3356 341 3428 scire
366 3357 448 3429 licet
473 3384 543 3430 non
569 3384 640 3430 esse
667 3358 750 3430 haec
776 3357 878 3453 ignea
904 3382 1045 3454 corpora
1072 3381 1208 3428 rerum.

157 3490 210 3542 680
254 3471 303 3542 nil
330 3473 471 3546 referret
496 3477 590 3547 enirn
618 3474 793 3572 quaedam
821 3473 1007 3558 decedere,
1034 3471 1149 3564 abire,

158 3659 361 3670 *—

201 3790 275 3866 655,
300 3791 375 3853 658.
412 3804 483 3855 rebus
512 3820 547 3855 sc.
576 3807 685 3873 genitis.
713 3806 795 3858 Stoici
825 3807 897 3857 enim
925 3822 979 3857 non
1006 3805 1144 3872 negabant
1162 3800 1289 3876 ἔξωθεν
1314 3795 1383 3885 (τοῦ

156 3887 292 3972 κόσμου)
326 3893 577 3978 περικεχυμένον
615 3881 698 3955 εἶναι
733 3890 770 3955 τὸ
806 3891 899 3955 κενόν
938 3885 1073 3975 ἄπειρον
1203 3889 1237 3953 ἐν
1272 3890 1306 3954 δὲ
1340 3885 1383 3974 τῷ

156 3987 267 4071 κόσμῳ
302 3987 402 4076 μηδὲν
437 3980 520 4053 εἶναι
554 3989 649 4052 κενόν
674 3999 766 4066 (Diog.
791 3999 879 4050 Laert.
900 3998 996 4064 7,140).
1016 4027 1049 4034 -
1063 3996 1172 4064 sociant
1190 3998 1208 4047 i.
1227 4013 1249 4047 e.
1270 4001 1382 4065 ponant,

158 4098 262 4161 putent,
292 4100 321 4146 ut
349 4095 427 4157 2,485
455 4095 536 4161 (fae);
562 4095 657 4157 &8783
677 4094 766 4157 tarr,
812 4084 886 4144 665.
920 4102 1017 4161 potesse
1035 4093 1138 4161 legitur
1157 4095 1238 4144 etiarn
1259 4094 1337 4155 2225
1357 4099 1383 4145 et

157 4182 234 4233 1010.
272 4183 414 4235 Praetorea
433 4184 528 4235 scribit
547 4184 610 4235 Lne.
626 4192 693 4250 pote,
709 4184 777 4250 polis
796 4192 839 4247 est,
855 4183 963 4251 potierit.
985 4228 987 4231 .
1011 4169 1085 4230 667.
1122 4182 1147 4233 si
1163 4182 1264 4250 (ignes)
1274 4199 1303 4233 ea
1314 4183 1383 4233 nullo

152 4279 227 4339 parte
254 4271 283 4322 id
304 4271 397 4339 facere
424 4281 554 4340 reparcam
580 4273 609 4339 (i.
638 4288 660 4323 e.
690 4278 808 4339 parcent,
837 4272 1026 4338 abstinebunt)
1054 4273 1072 4321 i.
1092 4287 1114 4322 e.
1134 4273 1155 4322 si
1176 4273 1254 4339 ignes
1275 4288 1384 4338 prorsus

158 4361 364 4428 restinguentur
391 4377 544 4428 corpusque
572 4362 728 4413 mutabunt.
776 4348 851 4410 672.
888 4361 944 4412 ollis
972 4377 1008 4412 sc.
1036 4361 1150 4426 ignibus
1179 4360 1260 4427 (666).
1307 4347 1382 4409 678.

121 4480 122 4484 =
156 4466 262 4520 corporo
281 4451 298 4502 i.
318 4467 341 4504 e.
360 4466 411 4502 res.
458 4438 531 4502 679.
569 4466 675 4519 corpora
694 4452 737 4502 ie.
758 4450 915 4518 primordia.
953 4438 1020 4500 680
1030 4467 1070 4518 sq.
1090 4451 1164 4518 Epic.
1175 4450 1209 4502 ud
1221 4450 1320 4502 Herod.
1331 4450 1382 4502 54:
