3106 5034
119 501 169 551 255
214 479 296 551 hinc
322 479 427 551 laetas
453 477 556 550 urbes
582 477 699 574 pneris
724 477 845 548 llorere
872 475 1049 559 videmus,

213 595 489 692 frondiferasque
515 595 614 688 novis
637 592 760 665 avibus
785 616 907 665 canere
933 590 1091 687 undique
1117 588 1235 661 silvas:

213 711 296 783 hinc
322 711 428 783 fessae
455 710 606 808 pecudes
632 710 772 807 pinguis
798 733 860 806 per
885 706 1015 804 pabula
1040 705 1128 778 laeta

214 851 358 922 corpora
384 825 584 922 deponunt,
611 833 645 897 et
670 824 822 896 candens
848 823 978 895 lacteus
1003 845 1105 893 umor

214 941 385 1012 uberibus
411 948 530 1013 manat
555 940 731 1012 distentis:
759 939 842 1010 hinc
867 964 955 1010 nova
982 937 1093 1035 proles

117 1075 169 1126 260
214 1057 360 1128 artubus
385 1057 534 1128 infirmis
559 1064 694 1128 teneras
720 1054 845 1127 lasciva
870 1079 931 1152 per
957 1053 1081 1125 herbas

215 1171 308 1243 ludit
334 1172 421 1244 lacte
448 1197 542 1244 mero
568 1179 701 1244 mentes
727 1170 886 1269 perculsa
911 1169 1080 1242 novellas.

215 1286 310 1358 haud
335 1287 444 1383 igitur
469 1288 609 1385 penitus
634 1295 782 1383 pereunt
807 1310 897 1383 quae
923 1309 1075 1381 cumque
1102 1282 1287 1366 videntur;

213 1401 354 1498 quando
380 1402 452 1474 alid
477 1428 519 1474 ex
544 1402 612 1474 alio
638 1401 749 1475 reficit
775 1409 910 1486 natura,
938 1425 1001 1472 nec
1027 1399 1136 1471 ullam

216 1542 290 1589 rem
315 1518 413 1614 gigni
439 1519 590 1615 patitur,
617 1518 685 1590 nisi
711 1524 821 1589 morte
847 1516 967 1588 adiuta
993 1515 1124 1587 aliena.

117 1651 168 1702 265
264 1633 366 1704 Nunc
388 1659 469 1730 age,
492 1658 545 1705 res
566 1632 734 1731 quoniam
757 1631 861 1704 docui
883 1656 953 1702 non
975 1654 1073 1727 posse
1095 1629 1202 1702 creari
1234 1663 1444 1715 corporataeca.

216 1747 259 1819 (15
285 1748 357 1821 nilo
383 1773 497 1846 neque
522 1749 607 1821 item
633 1748 767 1845 genitos
792 1747 837 1819 ad
863 1746 913 1817 nil
940 1745 1109 1831 revocari,

214 1888 256 1934 ne
282 1889 352 1960 qua
377 1864 464 1936 forte
489 1872 606 1936 tamen
634 1871 771 1960 coeptes
797 1862 955 1935 diffidere
981 1861 1102 1946 dictis,

212 1978 308 2075 quod
335 1987 517 2076 nequeunt
542 1979 653 2052 oculis
679 2003 796 2051 rerum
823 1977 1016 2077 primordia
1041 1977 1155 2061 cerni,

216 2093 334 2190 accipe
361 2102 536 2190 practerea
561 2120 651 2192 quae
677 2116 820 2192 corpora
846 2102 920 2166 1515
947 2100 1113 2166 necessest

117 2227 169 2278 255
214 2209 399 2281 5551115555
424 2235 495 2282 esse
521 2211 558 2282 in
579 2211 688 2282 rebus
712 2235 776 2282 nec
802 2235 899 2307 posse
925 2208 1054 2280 videri.

214 2323 388 2420 principio
414 2325 507 2397 venti
534 2325 584 2396 vis
609 2325 765 2397 verberat
790 2325 897 2397 incita
923 2351 1048 2422 corpus

213 2439 435 2541 ingentisque
460 2441 531 2513 ruit
557 2441 653 2514 navis
677 2449 712 2514 et
737 2441 859 2514 nubila
886 2441 1021 2526 differe

161 2769 236 2832 256.
252 2821 254 2824 >
272 2783 383 2836 videmus
401 2800 497 2836 555555.
535 2783 591 2837 cfr.
610 2785 635 2848 4,
656 2786 715 2837 262.
744 2786 804 2839 598.
843 2786 923 2854 Verg.
942 2785 1012 2837 Aen.
1028 2785 1054 2848 4,
1073 2784 1126 2835 490
1140 2782 1235 2850 5559155
1246 2781 1342 2832 videbis

118 2870 162 2922 556
176 2870 283 2938 pediam
301 2879 400 2924 terram
437 2860 511 2923 257·
545 2873 660 2942 pinquis.
696 2875 891 2927 Nominativns
912 2870 1341 2942 51555115155555151551551155

118 2959 191 3028 apud
219 2959 283 3012 Luc.
310 2960 346 3029 (1,
375 2962 443 3024 8083
473 2963 497 3025 2,
526 2963 586 3014 577.
615 2963 683 3026 955;
703 2964 728 3027 4,
748 2964 799 3015 397
819 2964 898 3032 alibi)
917 2964 1041 3031 aliosque
1065 2963 1218 3030 scriptores.
1255 2959 1342 3010 Varro

118 3048 177 3100 L.L.
202 3048 253 3100 66:
281 3049 360 3104 58155
388 3051 599 3119 reprehensione
628 3053 713 3122 volgo
733 3054 781 3105 alii
801 3053 967 3105 (115551....
987 3053 1032 3104 tce
1046 3051 1143 3120 puppis
1161 3050 1232 3102 restis
1251 3054 1278 3101 51
1297 3049 1343 3100 tae

113 3153 213 3205 puppes
231 3138 322 3191 restes''
341 3169 375 3183 —
394 3139 458 3191 Luc.
478 3140 533 3193 duo
552 3141 686 3193 adiectiva
708 3158 762 3195 555
781 3143 954 3194 substantivo
973 3141 1073 3192 addere
1092 3140 1170 3202 solet,
1184 3138 1341 3190 5151155555

118 3216 214 3278 saltem
235 3232 283 3279 551
301 3227 440 3303 epitheton
462 3245 563 3281 555555
582 3235 623 3282 551
641 3231 683 3298 (51
702 3231 729 3282 h.
749 3230 767 3281 l.
787 3230 812 3292 1,
832 3230 892 3282 313.
920 3230 981 3281 491.
1009 3230 1060 3281 947
1081 3231 1127 3297 tq.
1146 3228 1171 3290 4,
1191 3228 1242 3289 22;
1263 3228 1287 3288 2,
1307 3228 1340 3289 8;

118 3315 143 3378 4,
169 3316 221 3367 624
240 3317 320 3385 alibi)
338 3322 387 3368 aut
407 3334 454 3385 pro
473 3320 602 3387 genetivo
622 3320 739 3388 positum
760 3324 808 3382 est,
827 3324 859 3371 51
877 3319 902 3380 1,
922 3319 982 3382 258,
1002 3319 1054 3369 945
1073 3319 1119 3386 i.q.
1138 3319 1163 3379 4,
1184 3318 1234 3379 20;
1255 3318 1279 3379 5,
1299 3315 1342 3366 24.

118 3405 169 3456 663
188 3405 266 3457 51151.
303 3393 379 3457 260·
417 3407 512 3459 Velius
531 3407 642 3476 Longos
661 3410 864 3476 grammaticus,
884 3410 932 3475 qni
953 3409 1024 3458 vixit
1042 3409 1193 3475 imperante
1209 3405 1341 3456 Traiano:

120 3494 318 3548 ononulli....
347 3497 420 3548 varie
449 3495 530 3549 modo
560 3513 606 3564 per
633 3515 650 3547 u
673 3497 754 3549 modo
775 3514 821 3564 per
840 3496 1156 3564 iscripseruntaraoas
1175 3491 1343 3546 5155157555.”

119 3582 183 3634 Luc.
202 3585 311 3652 scripsit
330 3584 414 3646 semel
429 3585 528 3636 ortibus
546 3586 583 3653 (5,
602 3585 701 3653 1077);
720 3587 802 3637 551551
822 3586 884 3648 1551,
904 3586 951 3636 ubi
971 3585 1074 3637 areolos
1088 3584 1342 3651 scriptumlegitm·‚

119 3676 184 3723 suns
215 3673 239 3736 a,
269 3675 293 3724 5.
331 3674 391 3725 525.
429 3674 489 3726 644.
525 3675 550 3737 4,
576 3674 636 3725 652.
673 3661 747 3724 262.
785 3660 1181 3742 videntursc.pe1·ire.·263.
1220 3672 1277 3723 555
1295 3686 1344 3738 pro

120 3760 194 3810 aliud
221 3765 247 3812 et
275 3760 369 3815 dativo
388 3763 426 3813 ali
443 3765 558 3830 antiquo
578 3763 715 3815 scribendi
735 3779 809 3815 more
828 3763 892 3815 Luc.
912 3766 1020 3831 saepius
1040 3764 1136 3814 511155.
1174 3748 1250 3810 264.
1289 3759 1344 3811 Cl'r.

120 3858 295 3926 physicorum
315 3862 493 3928 antiquorum
513 3861 634 3913 dictum:
654 3844 674 3940 ἦ
689 3856 831 3937 θατέρου
847 3851 962 3938 φθορὰ
974 3855 1118 3937 θατέρου
1132 3845 1201 3913 ἐστὶ
1215 3853 1343 3930 γένεσις·

119 3945 192 4007 267.
224 3958 297 4025 sorte
323 3960 409 4011 subst.
447 3946 520 4009 269.
553 3967 686 4027 praetereo
713 3959 939 4027 coniungendam
958 3976 1018 4010 cum
1038 3976 1097 4010 esse.
1135 3946 1210 4009 270·
1248 3973 1298 4009 esse
1318 3957 1345 4008 io

118 4046 190 4098 rebus
217 4048 260 4098 15.
288 4049 317 4114 15
346 4064 436 4099 rerum
467 4064 580 4100 numero
608 4064 673 4109 5555,
703 4049 828 4099 existere.
866 4036 929 4098 27l·
968 4047 1174 4100 Allitteratione
1195 4049 1269 4100 venti
1290 4049 1345 4098 vim

118 4137 251 4202 exprimit
271 4141 357 4203 poeta.
376 4167 411 4174 -
432 4136 510 4191 aLuc.
531 4139 621 4194 verbis
640 4137 789 4188 5551555551
806 4141 833 4188 51
852 4137 1029 4188 (1555565555511
1047 4137 1117 4188 nihil
1138 4137 1214 4188 aliud
1226 4138 1278 4188 nisi
1290 4152 1345 4188 555

119 4223 317 4286 vehementem,
346 4226 509 4288 vibrantem,
538 4227 661 4278 crebrum
690 4233 794 4279 motum
813 4227 925 4279 denotat
944 4233 971 4278 51
989 4231 1061 4289 aera,
1081 4244 1185 4289 auram,
1205 4229 1345 4279 vibrantes

119 4312 234 4365 luminis
264 4313 362 4376 radios,
391 4315 447 4366 alia
475 4315 609 4368 eiusmodi
638 4317 761 4368 subiecta
789 4315 928 4368 adhibet.'’
966 4347 1001 4353 -
1029 4333 1118 4384 corpus
1147 4333 1183 4368 sc.
1212 4321 1345 4378 nostrum,

120 4407 150 4454 ut
179 4403 203 4465 2,
223 4403 284 4454 460.
322 4391 450 4454 271-6.
489 4405 573 4456 Poeta
592 4405 670 4457 docet
688 4406 745 4455 vim
765 4406 839 4456 venti
860 4405 945 4473 vulgo
966 4407 1068 4473 percipi
1087 4407 1117 4456 in
1136 4410 1208 4457 terra
1226 4405 1348 4473 (55565551

119 4506 209 4560 corpus
238 4497 363 4544 nostrum
392 4493 461 4560 271),
491 4495 519 4544 15
548 4495 616 4545 mari
646 4494 708 4562 (ruit
734 4492 1345 4565 1.5.15555111155555272),155555155665
