3106 5034
254 465 430 538 interdum
459 466 581 563 rapido
607 448 811 563 percurrens
836 468 978 539 turbine
1004 492 1143 564 campos

254 581 436 653 arboribus
462 582 596 678 magnis
621 583 743 655 sternit
768 583 967 679 montisque
993 607 1172 679 supremos
1223 613 1225 618 ’

254 695 438 793 silvifragis
463 705 562 769 vexat
586 698 722 770 llabris:
750 699 797 770 ita
825 698 974 794 perfurit
999 698 1070 781 acri

255 837 337 883 cum
362 812 506 885 fremitu
532 813 709 910 saevitque
735 814 864 886 minaci
892 838 1073 885 murmure
1099 821 1245 909 pontus.

256 937 337 1000 sunt
362 929 471 1025 igitur
496 931 609 1015 venti,
637 931 674 1001 ni
700 931 850 1015 mirum,
878 955 1021 1027 corpora
1047 954 1166 1014 caeca,

256 1069 345 1140 quae
372 1070 483 1130 mare,
511 1072 600 1143 quae
627 1055 751 1132 terras,
779 1073 868 1144 quae
894 1046 1198 1143 denique-nubila
1223 1045 1309 1118 caeli

257 1168 399 1231 verrunt
425 1185 464 1232 ac
490 1161 606 1235 subito
632 1164 791 1236 vexantia
816 1164 957 1236 turbine
984 1171 1141 1260 raptant,

257 1298 320 1346 nec
346 1275 478 1349 ratione
504 1277 621 1350 fluunt
646 1279 713 1350 alia
739 1287 959 1376 stragemque
985 1286 1195 1376 propagant,

257 1398 291 1461 et
317 1416 398 1462 cum
425 1391 541 1464 mollis
566 1420 676 1491 aquae
702 1395 812 1467 fertur
838 1401 961 1467 natura
988 1402 1129 1491 repente

225 1548 227 1552 ι
258 1505 405 1579 flumine
431 1508 645 1595 abundanti,
673 1536 779 1608 quom
808 1511 911 1607 largis
936 1510 1111 1582 imbribus
1136 1517 1236 1606 urget

259 1623 439 1695 montibus
464 1649 505 1696 ex
531 1625 610 1698 altis
636 1652 784 1724 magnus
810 1626 975 1699 decursus
1000 1626 1123 1723 aquai,

259 1736 431 1834 fragmina
457 1740 630 1813 coniciens
656 1741 822 1814 silvarum
849 1742 1060 1839 arbustaque
1085 1749 1183 1826 tota,

259 1877 322 1924 neo
348 1853 455 1926 validi
482 1865 626 1952 possunt
652 1865 774 1954 pontes
798 1858 968 1930 venientis
994 1857 1097 1955 aquai

261 1967 331 2039 vim
358 1968 510 2042 subitam
537 1971 700 2044 tolerare:
729 1973 778 2045 ita
804 1998 930 2069 magno
955 1973 1121 2045 turbidus
1145 1971 1258 2044 imbri·

262 2084 412 2157 molibus
437 2071 604 2173 incurrit,
632 2088 756 2160 validis
781 2114 863 2160 cum
889 2089 1040 2174 viribuS,
1068 2089 1199 2173 amnis,

261 2200 321 2273 dat
346 2202 462 2274 sonitu
488 2228 615 2300 magno
641 2212 809 2301 stragem,
836 2204 1013 2301 volvitque
1039 2204 1114 2276 sub·
1131 2202 1236 2275 undis

260 2317 407 2414 grandia
432 2344 530 2404 saxa,
558 2319 629 2391 ruit
655 2346 725 2417 qua
750 2320 923 2418 quicquid
949 2319 1116 2414 fluctibus
1141 2318 1272 2391 obstat.
1320 2334 1322 2338 ’

164 2451 216 2502 290
260 2433 308 2506 sic
334 2434 443 2530 igitur
469 2435 598 2508 debent
623 2437 716 2508 venti
743 2462 884 2534 quoque
909 2436 1053 2508 {lamina
1078 2435 1179 2521 ferri,
1344 2433 1347 2437 ’

261 2575 351 2646 quae
376 2550 430 2622 vel
456 2552 509 2623 uti
535 2551 690 2623 validum
718 2546 801 2624 cum
827 2552 960 2625 flumen
986 2552 1204 2649 procubuere

164 2793 252 2862 differt
270 2794 340 2863 272),
359 2794 498 2846 interdum
517 2789 610 2845 autem
629 2793 734 2845 saevire
753 2779 875 2844 interra
893 2781 1005 2859 (campos
1024 2789 1155 2842 arboribus
1173 2789 1260 2841 stanit
1275 2788 1327 2839 274
1338 2788 1391 2857 sqq,

164 2885 194 2935 in
221 2887 282 2936 aire
309 2884 413 2951 (anantes
440 2900 567 2952 supremos
594 2890 667 2934 uerat
694 2877 755 2934 275
773 2881 833 2948 sq),
846 2895 848 2899 ·
861 2882 890 2931 111
914 2881 984 2931 mari
1003 2876 1114 2947 (ventus
1128 2878 1244 2946 perfurit
1261 2877 1318 2928 acri
1334 2894 1392 2929 cum

158 2973 268 3041 fremitu
286 2981 310 3025 et
321 2982 415 3042 pontus
433 2973 512 3025 saeuit
529 2972 626 3024 rainaci
643 2988 769 3023 niunaure
787 2971 838 3022 275
855 2969 908 3037 sq.)
946 2967 1002 3021 Cir.
1021 2986 1047 3020 v.
1057 2969 1117 3019 278.
1155 2954 1228 3017 277·
1266 2967 1391 3019 Donatus

165 3065 193 3114 in
221 3063 333 3116 scholiis
360 3065 425 3126 suis,
454 3079 524 3131 quae
552 3063 660 3129 scripsit
679 3060 770 3112 medio
789 3059 898 3111 saeculo
917 3049 1024 3126 quarto,
1044 3057 1078 3109 ad
1098 3056 1207 3108 Terent.
1227 3056 1297 3107 Eun.
1318 3056 1387 3107 508:

167 3152 263 3208 asolve
291 3152 411 3203 nimirum
430 3157 456 3204 et
475 3153 517 3204 fac
536 3168 587 3202 aon
605 3159 641 3204 eat
658 3152 821 3218 mirum...
840 3165 904 3200 nam
924 3148 953 3199 ni
969 3137 1000 3198 ai
1018 3147 1155 3214 significat
1174 3149 1200 3196 et
1219 3161 1249 3196 ne
1267 3161 1326 3195 non.
1363 3145 1393 3195 ru'
1406 3143 1408 3146 ’

165 3258 214 3310 pro
233 3259 264 3293 ae
282 3241 422 3309 Vergilius
444 3240 525 3311 [Aen.
545 3241 569 3303 3,
589 3240 650 3303 686,
670 3240 733 3292 Luc.
754 3240 778 3302 2,
799 3238 867 3301 734;
887 3239 912 3300 3,
932 3237 983 3289 286
1003 3234 1075 3304 alii].
1095 3252 1125 3287 ne
1142 3233 1390 3302 pronoaPlautua:

166 3332 249 3382 necuit
272 3332 365 3398 inquit
384 3347 432 3398 pro
451 3347 502 3382 rron
519 3330 595 3382 uult.”
616 3361 650 3368 —
668 3346 775 3398 corpora
793 3345 869 3380 caeca
888 3343 943 3379 non
963 3329 1130 3386 carnuntum
1150 3339 1221 3390 quae
1241 3327 1391 3387 cernuntur
1441 3321 1444 3327 ’

122 3412 124 3416 ⁴
165 3427 250 3489 aperto
269 3437 371 3489 corpore
389 3419 464 3488 (297)
483 3425 555 3471 sunt.
593 3407 670 3469 280.
707 3426 731 3470 et
766 3419 808 3470 ic.
828 3434 867 3479 ac,
887 3432 969 3483 quam
990 3430 1082 3467 vocem
1102 3413 1244 3464 Lucretius
1264 3410 1391 3463 Catullus

166 3510 323 3577 Propertius
342 3509 482 3577 Vergilius
501 3508 617 3561 Ovidius
636 3524 691 3561 non
713 3512 846 3575 usurpant
865 3510 928 3557 ante
949 3505 1053 3556 litteras
1068 3503 1240 3570 c,p,qu,nisi
1252 3498 1389 3551 interdum

166 3600 194 3649 in
214 3598 356 3666 particulis
374 3598 490 3650 simulac
504 3597 539 3667 (6,
549 3598 620 3666 440).
658 3586 720 3648 28¹.
758 3613 839 3664 cquae
857 3604 950 3647 actura
969 3596 1011 3645 1.6.
1031 3608 1112 3659 aqua.
1149 3578 1227 3639 284.
1265 3588 1391 3640 coniciens
1469 3615 1471 3619 ¹

166 3689 208 3740 i.e.
237 3705 293 3743 una
321 3687 440 3739 deiciens
459 3692 486 3739 et
506 3689 661 3755 promiscue
676 3691 800 3754 correpta
819 3702 911 3737 secum
930 3684 1050 3735 trahens.
1088 3669 1162 3731 287.
1200 3679 1314 3740 molibus,
1340 3677 1391 3728 289

163 3777 277 3845 prandia
304 3793 368 3828 scca
387 3793 423 3828 sc.
444 3778 543 3844 pontis.
581 3764 656 3826 288.
694 3777 740 3827 dar
766 3777 809 3827 i.e.
829 3776 902 3826 iacit.
940 3771 1042 3825 Eodem
1061 3769 1143 3823 modo
1162 3768 1225 3819 Luc.
1245 3767 1312 3818 dicit
1330 3765 1392 3816 dare

165 3866 282 3929 sonitum,
292 3866 422 3934 crepitum,
431 3866 575 3934 fragorem,
582 3867 683 3934 palam,
689 3882 801 3934 paucam
814 3863 869 3934 [16.
880 3859 1004 3930 cessare]‚
1015 3861 1151 3913 dicessum
1164 3857 1218 3928 [1.6.
1229 3852 1391 3923 discedere],

167 3963 246 4006 moras
277 3953 332 4024 [16.
361 3961 409 4007 aut
436 3961 527 4007 motus
555 3956 642 4007 facere
670 3955 764 4017 alicui,
784 3969 901 4014 movere,
920 3953 945 4013 1,
965 3951 1025 4013 819,
1045 3954 1093 4001 aut
1112 3953 1202 4000 motus
1221 3946 1309 3996 facere
1328 3944 1391 4005 sibi,

167 4044 270 4094 moveri
296 4044 320 4105 2,
340 4042 403 4112 311]
424 4044 514 4095 ruinas
535 4042 590 4113 [ie.
609 4048 657 4095 aut
676 4043 787 4095 caedere
807 4045 832 4104 5,
851 4042 929 4104 1329,
949 4045 997 4092 aut
1016 4038 1111 4091 cadere
1131 4037 1155 4099 2,
1175 4034 1252 4095 1145;
1272 4035 1297 4095 5,
1316 4030 1391 4101 347].

168 4119 242 4181 289.
288 4147 338 4198 qua
364 4133 484 4199 quicquid
504 4133 627 4202 fluctibus
654 4133 741 4194 obstat,
772 4131 825 4202 [id]
855 4131 908 4183 ruit
940 4129 1032 4181 amnis·
1061 4157 1093 4165 “
1123 4121 1309 4177 Discernenda
1327 4125 1393 4172 sunt

167 4220 287 4287 quicquid
313 4221 379 4288 (qua
407 4222 494 4272 forma
513 4224 683 4288 antiquiores
702 4223 847 4289 scriptores
867 4218 1006 4271 interdum
1028 4219 1144 4268 utuntur
1165 4228 1213 4280 pro
1231 4210 1346 4279 quicque)
1365 4214 1392 4261 et

166 4308 299 4375 quidquid,
318 4309 392 4375 quod
412 4309 573 4361 relationem
592 4316 686 4373 notat3
706 4313 744 4362 ita
762 4311 866 4377 quicque
884 4315 911 4360 et
929 4308 1037 4376 quidque
1049 4305 1104 4375 [16.
1115 4299 1243 4369 etquid]¹
1280 4299 1391 4366 Semper

167 4396 342 4449 scribendum
370 4401 410 4450 est
436 4398 578 4465 quicquam.
607 4427 641 4436 -—
665 4415 736 4452 ruere
754 4400 827 4467 apud
849 4404 940 4467 poetas
960 4395 1099 4448 interdum
1119 4392 1290 4444 transitivum
1310 4387 1393 4439 habet

168 4487 233 4552 vim,
253 4491 283 4539 ut
302 4504 327 4539 v.
347 4487 397 4540 272
417 4492 443 4542 et
462 4487 522 4541 292.
