3106 5034
195 534 208 538 v.
254 473 375 554 cedere
400 468 629 568 squamigeris
655 467 773 540 latices
798 465 992 540 nitentibus
1017 463 1117 538 aiunt

253 599 287 662 et
314 587 466 685 liquidas
492 586 625 682 aperire
650 585 740 669 viaS,
768 584 851 681 quia
879 592 954 680 post
979 581 1053 653 loca
1080 582 1190 678 pisces

255 704 429 800 linquant,
456 727 526 798 quo
553 700 685 797 possint
710 699 870 771 cedentes
896 700 1070 770 conlluere
1096 699 1233 771 undae:

254 820 302 892 sic
329 818 413 890 alias
438 841 579 913 quoque
605 839 658 886 res
683 815 774 886 inter
799 840 834 886 se
860 840 957 911 posse
984 815 1113 886 moveri

255 943 289 1007 et
315 943 450 1006 mutare
476 931 604 1015 locum,
632 930 792 1027 quamvis
817 931 887 1002 sint
912 931 1030 1002 omnia
1056 930 1177 1029 plena.
1282 957 1285 964 ·

255 1050 406 1133 scilicet,
432 1047 470 1119 id
497 1046 582 1119 falsa
607 1057 720 1118 totum
747 1046 880 1118 ratione
906 1054 1136 1143 recepturnst.

255 1193 337 1238 nam
363 1190 433 1262 quo
459 1162 670 1260 squamigeri
697 1170 862 1259 poterunt
888 1163 1072 1258 procedere
1098 1162 1260 1246 tandem,
1351 1154 1352 1158 ¹

255 1283 292 1354 ni
318 1281 471 1377 spatium
498 1278 660 1350 dederint
686 1278 832 1350 latices?
858 1280 1047 1352 concedere
1074 1305 1176 1377 porro
1329 1270 1331 1274 Α

151 1422 210 1489 7380
255 1423 325 1495 quo
350 1402 515 1492 poterunt
540 1393 674 1478 undae,
702 1419 781 1464 cum
810 1394 919 1490 pisces
945 1394 995 1466 ire
1021 1395 1250 1492 nequibunt?

253 1522 314 1586 aut
340 1513 448 1609 igitur
474 1519 571 1582 motu
599 1510 843 1605 privandumst
869 1536 1012 1607 corpora
1038 1536 1217 1607 quaeque,
1258 1549 1260 1553 >

255 1637 316 1702 ant
341 1653 411 1699 esse
437 1626 633 1698 admixtum
660 1625 889 1698 dicundumst
914 1628 1018 1699 rebus
1043 1627 1165 1712 inane,
1243 1644 1244 1648 ’

256 1744 351 1815 unde
377 1743 507 1815 initum
534 1741 688 1839 primum
716 1741 830 1837 capiat
856 1767 908 1813 res
934 1768 1094 1839 quaeque
1123 1741 1305 1813 movendi.
1346 1789 1347 1793 =

258 1870 430 1959 postremo
456 1858 527 1930 duo
553 1857 597 1929 de
623 1882 794 1928 concursu
821 1882 964 1953 corpora
991 1856 1059 1928 lata

260 1977 287 2055 si
314 1977 382 2047 cita
408 1973 598 2057 dissiliant,
626 1998 753 2069 nempe
779 1981 836 2044 aer
862 1998 965 2044 ornne
992 1982 1177 2057 necessest,
1247 1973 1249 1978 ’

258 2093 349 2164 inter
375 2115 518 2187 corpora
544 2089 639 2185 quod
665 2091 744 2174 liat,
771 2089 925 2185 possidat
950 2090 1071 2161 inane:

259 2209 288 2279 is
313 2232 415 2304 porro
441 2205 601 2302 quamvis
626 2205 757 2277 circum
786 2205 1018 2277 celerantibus
1044 2206 1138 2277 auris

260 2323 431 2406 confluat,
460 2319 555 2392 haud
582 2321 708 2416 poterit
733 2329 850 2391 tamen
878 2346 948 2392 uno
964 2328 1130 2417 tempore
1156 2329 1269 2393 totum

262 2437 429 2534 compleri
455 2436 631 2533 spatium:
659 2447 740 2506 nam
767 2436 923 2532 primum
950 2460 1129 2532 quemque
1155 2445 1323 2508 necessest

165 2576 217 2626 390
262 2559 409 2648 occupet
434 2550 494 2623 ille
520 2550 656 2636 locum,
683 2550 811 2623 deinde
837 2551 955 2622 omnia
981 2552 1242 2648 possideantur.
1322 2551 1324 2556 ’

262 2666 358 2765 quod
384 2667 412 2738 si
438 2666 525 2738 forte
551 2666 697 2763 aliquis,
725 2693 805 2738 cum
833 2692 974 2764 corpora
1001 2667 1200 2753 dissiluere,

263 2793 338 2857 tum
366 2791 468 2880 putat
493 2782 530 2854 id
557 2783 632 2854 fieri
659 2783 741 2879 quia
768 2808 802 2855 se
828 2783 1036 2855 condenseat
1062 2791 1137 2869 aer,

264 2907 376 2972 errat:
405 2924 485 2970 nam
512 2924 661 2969 vacuum
689 2906 765 2969 tum
793 2899 832 2971 fit
857 2899 952 2995 quod
980 2925 1047 2970 non
1076 2900 1143 2971 luit
1169 2909 1267 2984 ante,
1328 2889 1331 2893 ⁴

264 3025 299 3086 et
324 3013 478 3110 repletur
503 3013 585 3084 item
615 3038 764 3084 vacuum
791 3014 886 3110 quod
912 3015 1067 3086 constitit
1094 3023 1192 3100 ante,

169 3153 219 3204 395
266 3156 329 3202 nec
354 3128 416 3201 tali
442 3129 575 3200 ratione
601 3137 712 3226 potest
738 3129 912 3201 denserier
938 3138 1013 3214 aer,

267 3271 342 3330 nec,
369 3245 397 3316 si
423 3245 492 3317 iam
522 3259 643 3341 posset,
670 3245 744 3316 sine
769 3245 866 3316 inani
892 3254 1023 3342 posset,
1051 3247 1192 3344 opinor,

268 3362 341 3459 ipse
368 3361 404 3432 in
430 3386 465 3432 se
491 3360 626 3432 trahere
652 3369 686 3432 et
714 3361 819 3457 partis
844 3361 1038 3434 conducere
1064 3362 1100 3432 in
1129 3388 1258 3434 unum.

216 3567 289 3629 377.
333 3586 396 3629 totus
415 3580 457 3630 ie.
478 3595 596 3646 prorsus,
617 3586 647 3631 ut
666 3581 758 3643 3‚690;
778 3581 875 3643 4,1088
894 3588 920 3634 et
939 3585 1047 3650 saepius
1067 3585 1096 3634 iu
1111 3582 1250 3636 Ciceronis
1261 3584 1396 3651 epistulis

172 3669 258 3720 veluti
287 3667 321 3719 ad
350 3667 408 3718 Att.
436 3667 523 3730 9,10,3
552 3669 606 3719 olio
633 3686 672 3720 res
691 3687 757 3720 nanc
775 3678 825 3721 tcto
844 3680 885 3722 est.
924 3672 1025 3724 Eodem
1045 3672 1126 3724 modo
1145 3673 1226 3724 omnis
1246 3673 1305 3735 2,53
1324 3675 1396 3741 sign.

173 3759 295 3810 omnino.
332 3744 407 3805 383·
446 3756 523 3808 initas
553 3774 600 3824 pro
629 3758 738 3814 initium,
767 3759 839 3826 quod
861 3762 889 3811 in
909 3761 1100 3813 hexametrum
1120 3778 1176 3814 nou
1195 3761 1322 3829 quadrat,
1342 3778 1397 3815 non

173 3848 226 3898 nisi
246 3845 320 3913 apud
339 3845 403 3896 Luc.
423 3845 526 3912 legitur
545 3847 647 3913 (2,269;
667 3847 764 3915 3371).
807 3837 882 3898 384.
920 3851 950 3901 de
960 3853 1002 3902 ie.
1013 3868 1056 3912 ex,
1069 3855 1136 3918 post.
1147 3853 1195 3902 cfr.
1207 3851 1283 3912 5‚651
1292 3870 1299 3913 ;
1310 3851 1397 3914 6‚290,

174 3933 229 3987 Cic.
249 3936 306 3986 Art.
326 3935 387 3997 12,3
405 3935 490 3986 statim
509 3936 539 3986 de
558 3936 679 3986 coctione.
708 3967 742 3974 —
761 3939 814 3989 loto
834 3945 859 3990 et
880 3939 961 4006 [alana
980 3956 1016 3991 sc.
1055 3927 1129 3990 392·
1153 3940 1399 4007 ideooumiapos·

174 4023 257 4075 sideri
280 4023 362 4092 (390).
382 4055 416 4062 -
435 4024 585 4075 condenseat
603 4026 768 4077 coniunctiv.
788 4033 856 4078 orat.
875 4029 1014 4095 obliquae,
1033 4033 1065 4079 ut
1083 4029 1199 4096 linquant
1217 4027 1277 4080 374.
1323 4017 1398 4079 394·

175 4129 281 4163 vacuom
299 4113 367 4179 quod
384 4113 493 4163 constitit
511 4118 571 4180 post
582 4127 705 4181 corpora,
716 4130 787 4181 quae
798 4116 923 4168 celeriter
933 4119 1123 4169 concurrentia
1133 4133 1180 4169 uer
1189 4133 1270 4169 cursu
1281 4133 1399 4186 aequare

176 4216 231 4252 non
252 4202 392 4268 potuisset.
433 4190 507 4251 395.
554 4210 570 4252 t.
591 4220 610 4253 r.
630 4218 666 4253 sc.
686 4208 716 4254 ut
735 4203 883 4256 adversarii
903 4207 1070 4257 existimant.
1116 4194 1190 4256 396·
1230 4206 1299 4262 tiam
1318 4207 1400 4275 parti·

176 4289 238 4341 cula
265 4291 295 4340 in
323 4290 495 4343 concedendo
523 4293 561 4342 sic
580 4291 699 4353 additur,
720 4298 750 4344 ut
768 4295 954 4361 significemus
973 4312 1022 4348 nos
1042 4297 1149 4348 omissis
1167 4297 1211 4359 iis,
1229 4311 1301 4364 quae
1319 4294 1401 4348 aliter

176 4378 231 4431 dici
250 4381 368 4431 statuive
388 4382 501 4447 possint,
521 4397 553 4433 eo
574 4381 726 4448 procedere,
748 4388 777 4434 ut
796 4383 847 4436 hoc
866 4401 923 4437 esse
938 4385 1099 4454 ponamus'’.
1133 4371 1208 4436 397·
1243 4384 1339 4439 trabem
1356 4383 1401 4438 ie.

176 4485 204 4522 se
224 4471 394 4532 contrahere,
416 4476 445 4522 ut
465 4470 570 4533 6,1190.
589 4471 732 4539 Significat
750 4475 910 4527 contrahere
931 4475 1009 4539 3,534
1028 4480 1055 4528 et
1072 4475 1160 4539 6,967.
