3106 5034
287 481 413 553 eorpus
438 454 532 527 enim
560 479 621 553 per
647 480 681 526 se
708 453 904 526 communis
930 451 1069 529 dedicat
1094 482 1164 530 esse
1418 494 1477 552 ang.
1492 485 1513 537 1.

286 597 428 655 sensus;
456 571 513 642 cui
540 571 607 642 nisi
634 571 748 668 prima
774 571 859 643 fides
885 570 1031 642 fundate
1056 571 1203 657 valebit,

288 687 373 758 haut
399 687 465 758 erit
490 685 635 758 occultis
661 686 705 758 de
731 687 835 758 rebus
860 713 930 783 quo
957 687 1141 760 referentes

188 823 240 874 425
286 799 490 874 confirmare
516 802 625 873 animi
652 801 843 898 quicquam
869 803 1001 874 ratione
1028 829 1215 899 queamus.

286 926 362 990 tum
390 942 491 1014 porro
517 917 614 989 locus
639 943 678 989 ae
703 917 877 1014 spatium,
905 917 1000 1014 quod
1026 918 1129 991 inane
1156 945 1337 1005 vocamus,

286 1033 314 1105 si
341 1032 478 1104 nullum
506 1032 604 1117 foret,
632 1032 717 1104 haut
742 1057 891 1130 usquam
916 1033 983 1105 sita
1008 1059 1152 1131 corpora
1177 1045 1315 1135 possent

286 1174 357 1221 esse
383 1173 496 1245 neque
522 1147 666 1219 omnino
692 1173 868 1244 quoquam
898 1148 1031 1220 diversa
1057 1174 1190 1234 meare3

286 1264 322 1335 id
350 1263 445 1361 quod
471 1264 539 1335 iam
568 1289 692 1360 supera
719 1264 784 1334 tibi
810 1262 915 1359 paulo
941 1265 1157 1336 ostendimus
1183 1274 1279 1338 ante.

286 1388 421 1477 praeter
446 1404 486 1450 ea
511 1378 562 1449 nil
588 1378 760 1475 estquod
786 1379 893 1475 possis
919 1379 1034 1451 dicere
1060 1381 1103 1451 ab
1129 1367 1226 1452 omni

285 1520 426 1593 corpore
452 1495 649 1566 seiunctum
675 1503 917 1591 secretumque
943 1521 1013 1566 esse
1039 1496 1083 1567 ab
1108 1495 1225 1581 inani,

285 1609 381 1707 quod
407 1610 507 1706 quasi
534 1611 635 1682 tertia
660 1611 705 1681 sit
731 1635 877 1682 numero
903 1618 1027 1682 natura
1053 1618 1207 1707 reperta.

285 1751 364 1797 nam
393 1724 643 1822 quodcumque
669 1727 752 1811 erit,
779 1752 850 1798 esse
875 1725 1011 1822 aliquid
1038 1726 1181 1823 debebit
1206 1726 1243 1798 id
1269 1727 1383 1824 ipsum

285 1841 450 1938 augmine
476 1840 530 1912 vel
555 1842 681 1938 grandi
707 1840 760 1912 vel
787 1865 892 1937 parvo
919 1841 1090 1937 denique,
1118 1841 1205 1913 dum
1232 1843 1294 1927 sit3

284 1957 342 2029 eui
369 1957 397 2028 si
424 1964 537 2028 taetus
562 1957 628 2028 erit
654 1956 813 2052 quamvis
840 1955 924 2027 levis
949 1957 1184 2052 exiguusque,

285 2072 437 2169 corporis
464 2071 606 2168 augebit
632 2097 820 2143 numerum
846 2096 1093 2168 summamque
1118 2081 1301 2169 sequetur:

282 2189 335 2261 sin
362 2187 519 2259 intactile
544 2187 628 2272 erit,
656 2187 754 2258 nulla
779 2187 823 2258 de
849 2195 946 2284 parte
972 2187 1067 2284 quod
1094 2187 1202 2260 ullam

282 2330 355 2377 rem
382 2303 566 2400 prohibere
593 2311 698 2399 queat
723 2327 784 2399 per
809 2328 844 2374 se
870 2303 1035 2374 transeire
1062 2315 1254 2388 meantem,

280 2419 430 2503 scilicet,
459 2418 523 2490 hoo
549 2418 586 2489 id
613 2402 696 2503 erit,
723 2443 873 2490 vacuum
900 2417 995 2514 quod
1022 2418 1125 2490 inane
1151 2444 1332 2491 vocamus.

282 2544 458 2633 praeterea
484 2559 545 2631 per
570 2560 605 2606 se
632 2533 882 2630 quodcumque
907 2533 991 2618 erit,
1019 2542 1079 2604 aut
1104 2533 1208 2606 faciet
1234 2534 1322 2630 quid

280 2659 340 2723 aut
366 2649 443 2722 aliis
468 2649 569 2746 fungi
595 2649 738 2721 debebit
764 2649 947 2746 agentibus
973 2649 1110 2746 ipsum,

279 2775 340 2839 aut
366 2765 431 2838 erit
457 2776 496 2836 ut
523 2766 654 2862 possint
679 2765 716 2836 in
743 2790 783 2837 eo
809 2790 862 2836 res
887 2791 958 2838 esse
983 2766 1149 2862 genique:

279 2894 314 2955 44
339 2882 450 2953 faeere
476 2892 510 2953 et
535 2880 637 2977 fungi
662 2881 736 2953 sine
763 2905 904 2977 corpore
930 2880 1029 2952 nulla
1054 2889 1166 2977 potest
1192 2907 1262 2967 res,

280 3024 343 3070 neo
369 2997 534 3094 praebere
561 2995 675 3068 locum
705 3021 805 3093 porro
832 2996 898 3067 nisi
925 2997 1028 3069 inane
1055 3022 1266 3095 vacansque.

180 3137 232 3188 445
278 3140 377 3211 ergo,
405 3120 540 3210 praeter
565 3112 668 3184 inane
695 3121 728 3184 et
755 3137 919 3208 corpora,
947 3114 1047 3185 tertia
1074 3140 1136 3210 pen
1160 3140 1195 3186 se

279 3229 377 3300 nulla
404 3236 515 3325 potest
540 3252 657 3299 rerum
684 3229 720 3299 in
748 3252 894 3300 numero
920 3237 1045 3302 natura
1070 3229 1242 3327 relinqui,

184 3419 384 3428 ....--—..--

223 3501 299 3563 423.
346 3510 389 3561 444
400 3509 469 3578 fides
488 3526 524 3561 sc.
543 3509 677 3560 adhibita.
723 3496 789 3557 426
811 3523 870 3576 sqq.
893 3510 966 3576 Epio.
986 3511 1020 3562 ad
1040 3510 1140 3563 Herod.
1159 3512 1206 3563 40.
1221 3525 1250 3566 ει
1219 3525 1307 3656 „aq
1322 3491 1407 3611 titud*

179 3591 272 3656 κενὸν
307 3586 360 3652 καὶ
394 3587 499 3673 χώραν
533 3583 587 3650 καὶ
623 3578 734 3672 ἀναφῆ
764 3604 866 3668 φυσιν
891 3579 1102 3671 ὀνομάζομεν,
1128 3582 1187 3656 οὐκ
1211 3587 1251 3660 ἂν
1274 3615 1341 3672 εχε
1364 3592 1406 3658 τὰ

180 3706 311 3787 σώματα
336 3696 422 3768 ὅπου
445 3689 486 3790 ἦν
510 3693 584 3765 οὐδὲ
607 3692 646 3763 δι’
671 3691 711 3764 44
733 3700 1405 3791 44444444,καθάπερφαίνεταικινούμενα.

178 3801 255 3863 429.
301 3827 380 3879 supra
409 3828 434 3861 v.
462 3809 515 3860 335
543 3824 603 3875 sqq.
647 3795 721 3856 433.
770 3807 852 3875 absum
880 3817 916 3860 est
939 3810 1100 3878 aliquidue.
1119 3819 1160 3866 est
1180 3832 1282 3882 perse.
1327 3806 1405 3867 434.

179 3902 297 3971 44944444
324 3901 368 3952 44.
397 3899 560 3966 quantitate,
588 3895 790 3964 magnitudine,
820 3902 850 3948 44
878 3897 965 3960 3,268.
994 3900 1069 3951 Idem
1098 3903 1172 3955 valet
1199 3913 1286 3956 444444
1312 3906 1406 3969 2,482;

179 3992 288 4055 5‚1171;
317 3988 404 4051 6,168.
440 3988 568 4047 Nomina,
597 4001 667 4053 quae
696 3990 760 4037 sunt
788 4000 904 4052 4494444,
928 3988 1081 4057 4444494444,
1101 4008 1207 4055 onumen,
1224 3994 1405 4061 olomeramen,

70 4149 73 4152 ,
174 4081 334 4149 frustrantes
362 4076 450 4138 4,817,
478 4091 606 4138 vexamen,
634 4075 759 4125 clinamen
788 4090 842 4126 non
869 4077 923 4127 nisi
943 4078 1016 4144 apud
1036 4079 1099 4132 Luc.
1119 4083 1233 4150 eiusque
1252 4084 1406 4136 imitatores

180 4170 278 4236 legun
280 4183 320 4218 un
348 4166 529 4216 —'dam1..e
549 4163 706 4215 diQimmodo
754 4151 830 4214 435
852 4165 928 4217 enisi
936 4169 1124 4222 4444444444.
1133 4171 1407 4241 quodsitaugereet

180 4259 258 4325 tangi
278 4257 385 4323 poterit.
429 4242 505 4304 437.
553 4252 673 4304 intuentis
698 4232 1023 4328 iedvamngpienm.
1069 4247 1136 4307 441.
1171 4260 1405 4330 4449444414,

178 4341 378 4419 πάσχ444,44
348 4348 533 4402 ut.44307r.
553 4349 628 4417 Epic.
647 4347 682 4399 ad
702 4347 801 4401 Herod.
821 4348 867 4401 67:
892 4332 930 4396 τὸ
952 4335 1048 4400 444νὸ4
1072 4330 1147 4402 οὔτε
1169 4337 1310 4428 ποιῆσαι
1328 4333 1406 4405 οὔτε

178 4453 303 4513 notatu
313 4447 457 4524 4444444,
472 4438 554 4510 ἀλλὰ
565 4445 693 4532 κίνησιν
704 4443 808 4526 μόνον
821 4437 861 4508 δι’
874 4443 992 4510 euocet}
1005 4451 1070 4517 τοῖς
1083 4444 1209 4528 noim
1217 4450 1404 4533 παρέχεται.
