3106 5034
253 485 401 558 flumina
427 469 682 582 suppeditant?
706 469 801 556 unde
828 468 946 558 aether
971 468 1089 558 sidera
1112 482 1244 582 pascit?

253 601 371 674 omnia
396 601 490 673 enim
517 601 639 685 debet,
667 601 805 674 mortali
831 627 973 699 corpore
1000 627 1089 699 quae
1115 611 1215 687 sunt,

253 716 393 788 infinita
418 723 510 788 aetas
536 741 742 813 consumpse
768 709 848 788 ante
874 724 950 789 acta
975 717 1139 813 diesque.

254 831 350 928 quod
377 830 405 902 si
431 830 468 902 in
495 856 534 903 eo
560 831 671 928 spatio
697 839 803 929 atquc
828 840 908 904 ante
934 841 1009 905 acta
1035 841 1146 906 aetate
1171 833 1268 905 fuere

255 972 273 1018 e
300 947 430 1043 quibus
456 946 540 1018 haec
566 972 682 1019 rerum
710 947 866 1020 consistit
891 973 1029 1021 summa
1054 950 1199 1033 refecta,

255 1062 433 1134 inmortali
459 1070 541 1135 sunt
567 1071 691 1135 natura
716 1063 874 1160 praedita
900 1072 1008 1137 certe.
1126 1068 1128 1075 ’

255 1179 341 1251 haut
366 1179 475 1276 igitur
500 1188 644 1276 possunt
669 1180 714 1251 ad
740 1180 851 1251 nilum
880 1206 1041 1278 quaeque
1067 1180 1209 1252 reverti.

255 1293 409 1391 denique
434 1319 488 1366 res
513 1295 627 1366 omnis
652 1295 773 1369 eadem
800 1295 851 1367 vis
877 1321 1050 1393 causaque
1075 1295 1176 1391 volgo

255 1410 457 1494 conficeret,
485 1410 552 1481 nisi
580 1410 739 1482 materies
764 1417 903 1483 aeterna
928 1418 1076 1496 teneret,

255 1526 346 1598 inter
372 1551 407 1598 se
432 1551 524 1598 nexu
551 1527 668 1599 minus
693 1535 754 1599 aut
781 1528 890 1623 magis
916 1527 1143 1624 indupedita:

254 1650 368 1714 tactus
393 1642 488 1714 enim
514 1642 575 1715 leti
601 1645 682 1716 satis
708 1653 794 1716 esset
820 1670 922 1717 causa
949 1644 1120 1742 profect0;

256 1759 408 1855 quippe,
436 1759 499 1830 ubi
526 1758 624 1830 nulla
649 1760 762 1832 forent
788 1767 927 1832 aeterno
953 1782 1114 1855 corpore,
1142 1780 1292 1852 quorum

257 1882 458 1945 contextum
485 1874 535 1945 vis
561 1874 703 1946 deberet
729 1875 913 1947 dissolvere
939 1899 1117 1971 quaeque.

254 1997 289 2060 at
314 2015 427 2074 nunc,
456 1990 547 2062 inter
572 2015 607 2062 se
632 1991 717 2086 quia
743 2016 850 2062 nexus
876 1990 1130 2088 principiorum

253 2104 439 2176 dissimiles
464 2113 622 2177 constant
648 2115 856 2202 aeternaque
883 2106 1042 2178 materies
1068 2113 1136 2189 est,

253 2219 424 2291 incolumi
449 2228 630 2292 remanent
656 2246 709 2292 res
734 2246 894 2318 corpore,
922 2220 1008 2292 dum
1035 2219 1117 2292 satis
1143 2218 1231 2290 acris
1337 2251 1339 2254 ·

253 2335 304 2407 vis
329 2335 431 2408 obeat
457 2361 519 2433 pro
545 2344 681 2408 textura
707 2337 878 2433 cuiusque
904 2345 1057 2433 reperta.

254 2451 349 2523 haud
376 2450 484 2547 igitur
509 2452 600 2524 redit
625 2452 670 2524 ad
696 2453 808 2524 nilum
837 2478 890 2524 res
916 2452 1007 2536 ulla,
1036 2451 1095 2523 scd
1122 2474 1242 2551 omnes
1269 2488 1272 2494 ·

253 2566 401 2638 discidio
427 2567 575 2640 redeunt
600 2569 637 2640 in
664 2594 807 2666 corpora
833 2568 1009 2641 oratoriai.

155 2701 207 2753 250
251 2690 428 2779 postremo,
450 2693 598 2780 pereunt
623 2685 771 2770 imbres,
798 2685 861 2756 ubi
887 2710 944 2757 eos
970 2690 1067 2780 pater
1093 2682 1211 2754 aether

252 2798 289 2870 in
315 2799 489 2895 gremium
517 2800 638 2872 matris
663 2800 767 2872 terrai
784 2799 1053 2911 praecipitavit:
1263 2799 1266 2804 ’

254 2922 288 2986 at
314 2913 446 2987 nitidae
472 2925 621 3011 surgunt
646 2915 762 3012 fruges
773 2915 782 3000 ,⁴
808 2916 967 3011 ramique
994 2916 1168 2987 virescunt

252 3030 454 3115 arboribus,
482 3038 642 3102 crescunt
668 3031 761 3128 ipsae
788 3030 932 3128 fetuque
957 3038 1164 3128 gravantur:

254 3144 337 3216 hinc
364 3145 470 3217 alitur
495 3171 597 3242 porro
624 3152 781 3217 nostruin
807 3172 918 3243 genus
943 3157 1049 3243 atque
1074 3146 1245 3218 ferarum:

157 3436 182 3498 6,
201 3435 270 3487 1221
290 3433 424 3503 ereiliont).
443 3465 478 3471 —
497 3435 568 3501 tonpe
587 3435 629 3485 ic.
649 3450 684 3485 ex
703 3434 867 3502 longinquo.
898 3434 980 3501 Verg.
991 3433 1060 3485 Aen.
1070 3434 1113 3496 10,
1124 3433 1176 3485 843
1186 3433 1307 3501 odpnovit
1316 3433 1387 3501 lonqe

149 3525 281 3592 vpentitnrn.
319 3523 374 3576 Cic.
402 3523 436 3575 cd
465 3523 523 3575 Att.
551 3525 576 3585 5,
605 3524 629 3585 2,
659 3524 674 3574 2
704 3540 760 3574 corn
784 3524 935 3575 Hortensius
953 3523 1114 3574 veniret....
1134 3531 1185 3573 torn
1204 3523 1282 3590 tonqe.
1320 3509 1384 3572 231.

156 3613 323 3681 Suppeditore
342 3615 381 3664 ita
400 3618 431 3664 ut
449 3614 585 3680 significet
604 3613 670 3664 olere
689 3617 824 3679 usurpant
843 3612 906 3663 Luc.
925 3611 964 3679 (h.
983 3611 1002 3662 l.
1022 3611 1046 3673 2,
1066 3612 1126 3663 568.
1156 3611 1236 3678 1162)
1255 3615 1282 3662 et
1301 3609 1387 3662 semel

158 3701 214 3754 Cic.
243 3701 302 3754 Cat.
331 3703 356 3765 2,
385 3701 418 3752 25
447 3701 534 3768 ignitus
561 3702 633 3753 rebus
660 3718 706 3753 nos
729 3701 927 3770 suppeditomnr.
946 3731 981 3738 —
1000 3701 1083 3752 aether
1100 3700 1185 3751 sidera
1200 3700 1293 3767 poscit.
1331 3697 1388 3756 cn,

158 3792 182 3853 5,
202 3791 315 3842 523-5.
353 3778 426 3840 233.
465 3806 611 3858 consumpse
620 3791 663 3842 ic.
673 3790 862 3858 consumpsisse.
895 3790 937 3841 Sic
948 3790 972 3851 3,
983 3790 1035 3840 650
1046 3791 1161 3841 abstruse
1174 3787 1228 3858 [ie.
1240 3789 1387 3840 abstraxis-

158 3879 218 3950 se];
243 3881 267 3942 5,
296 3880 366 3932 1159
389 3888 528 3949 protraxe;
554 3879 578 3942 1,
598 3880 648 3930 987
668 3880 795 3949 confluxet
815 3878 869 3948 [le.
889 3877 1090 3946 confluxisset]¹
1128 3865 1202 3928 238.
1240 3878 1311 3945 culpo
1331 3893 1387 3927 con·

153 3969 243 4038 ficeret
261 3971 303 4021 i.e.
324 3972 434 4038 penitus
453 3971 586 4038 perimere
605 3969 713 4021 soleret.
751 3968 806 4021 Cir.
827 3969 931 4031 2,1002
942 3984 982 4035 sq.
1019 3955 1096 4016 242.
1135 3967 1205 4017 notio
1231 3968 1273 4017 i.e.
1293 3965 1388 4017 nullae

159 4075 210 4110 res.
247 4046 313 4108 246
333 4075 372 4125 sq.
410 4059 447 4110 vis
466 4067 563 4126 reperto
583 4059 645 4110 sotis
664 4060 739 4110 onis.
777 4045 853 4108 249.
892 4057 1008 4108 discidio.
1046 4054 1101 4107 cfr.
1121 4055 1228 4106 ad183.
1265 4043 1331 4105 250
1348 4071 1388 4122 sq.

159 4145 216 4199 cfr.
236 4147 260 4208 2,
279 4146 385 4198 991-8
404 4155 431 4198 et
450 4148 531 4215 Verg.
551 4147 650 4215 Georg.
671 4149 695 4211 2,
715 4148 766 4198 325
788 4147 853 4198 Turn
868 4155 943 4214 poter
961 4145 1115 4212 omnipotens
1126 4144 1250 4212 secundis
1269 4145 1390 4195 iratribus

159 4237 242 4287 aether
271 4234 391 4303 Coninpis
418 4236 445 4286 in
471 4236 595 4302 premium
622 4237 701 4288 laetae
727 4236 859 4288 descendit.
897 4223 971 4284 253·
1010 4234 1099 4285 Huius
1118 4234 1271 4285 hexametri
1292 4239 1389 4301 partes,

159 4341 230 4392 qnae
259 4326 412 4377 consistunt
441 4341 476 4376 ex
496 4325 628 4392 pedibus:
649 4307 720 4395 1¹s2,
740 4326 765 4386 2,
785 4305 855 4394 2112,
876 4326 950 4392 ipsae
970 4325 1144 4384 increscunt;
1164 4322 1191 4373 id
1211 4322 1284 4389 quod
1305 4324 1391 4373 sensit

162 4413 310 4482 Vergilius,
339 4415 388 4481 qui
418 4413 491 4464 hunc
520 4413 612 4466 locum
641 4416 679 4466 ita
704 4416 827 4465 imitatus
847 4418 887 4465 est
906 4412 963 4464 Ecl.
982 4412 1024 4473 10,
1045 4411 1079 4462 53
1098 4427 1152 4478 sq.:
1172 4412 1307 4478 tenerisque
1325 4427 1391 4463 nicos

160 4503 274 4554 incidere
294 4519 391 4555 amores
410 4502 563 4567 Arboribus
581 4511 688 4554 crescent
705 4504 773 4565 iliae,
792 4501 903 4554 crescetis
922 4517 1026 4552 ornares.
