3106 5034
187 479 362 559 cernimus
388 490 467 555 ante
493 475 633 565 oeulos;
661 505 769 577 quae,
796 476 824 551 si
852 505 919 552 non
948 489 1034 551 osset
1060 480 1181 565 inane,

185 627 254 674 non
281 609 351 673 tam
380 597 529 670 sollicito
557 604 655 668 motu
682 596 815 692 privata
841 604 997 668 carerent

183 743 291 815 quam
316 715 434 812 genita
459 712 603 784 omnino
630 711 727 783 nulla
753 711 885 783 ratione
912 712 1076 796 fuissent,

89 855 141 906 345
186 831 347 929 undique
374 828 533 902 materies
559 829 725 924 quoniam
753 827 878 923 stipata
905 828 1072 924 quiesset.

188 955 364 1045 praeterea
389 945 549 1043 quamvis
575 943 704 1015 solidae
731 968 783 1014 res
809 968 880 1014 esso
906 955 1085 1039 putentur,

191 1063 272 1134 hine
298 1071 415 1134 tamen
441 1086 513 1132 esse
539 1059 620 1131 licet
645 1084 724 1140 raro¹
747 1085 828 1130 cum
856 1084 997 1155 corpore
1023 1085 1159 1131 cernas:

190 1179 227 1249 in
252 1177 341 1249 saxis
367 1202 406 1248 ac
432 1174 607 1272 speluncis
634 1183 814 1272 permanat
839 1199 1010 1270 aquarum

190 1291 347 1389 liquidus
373 1316 475 1362 umor
500 1298 533 1362 et
560 1289 728 1361 uberibus
754 1290 839 1360 llent
864 1289 983 1360 onmia
1007 1290 1135 1386 guttis;

91 1431 144 1481 350
188 1407 333 1504 dissipat
358 1407 395 1478 in
422 1430 547 1502 corpus
573 1430 643 1476 sese
670 1404 769 1476 cibus
795 1430 898 1475 omne
924 1405 1160 1488 animantium

189 1530 349 1595 crescunt
375 1520 516 1617 arbusta
540 1529 573 1592 et
599 1520 690 1591 fetus
716 1520 752 1590 in
779 1528 935 1616 tempore
962 1520 1137 1605 fundunt,

190 1637 285 1735 quod
311 1637 411 1709 cibus
436 1637 473 1707 in
500 1643 587 1707 totas
613 1660 723 1731 usqne
750 1635 793 1706 ab
820 1635 997 1707 radicibus
1023 1635 1121 1721 imis,
1167 1628 1169 1632 Α

190 1778 252 1851 per
278 1761 418 1825 truncos
444 1778 483 1823 ac
509 1776 571 1847 per
596 1775 709 1822 ramos
735 1750 948 1822 diffunditur
973 1751 1104 1834 omnis3

190 1868 423 1964 intersaepta
450 1874 567 1938 meant
593 1892 690 1938 voces
715 1877 748 1938 et
775 1865 891 1937 clausa
918 1866 1101 1938 domorum

92 2005 145 2056 355
191 1982 444 2067 transvolitant,
471 1980 624 2078 rigidum
653 1990 835 2076 permanat
861 1981 970 2078 frigus
997 1982 1040 2052 ad
1067 2009 1158 2054 ossa.

192 2097 288 2196 quod
315 2097 382 2168 nisi
408 2097 526 2168 inania
552 2096 639 2180 sint,
667 2121 737 2192 qua
764 2104 901 2192 possent
927 2122 1067 2192 corpora
1095 2123 1255 2194 qrraorpre

192 2212 348 2298 transire,
377 2211 472 2283 haud
501 2211 572 2283 ulla
598 2211 730 2282 ratione
757 2211 868 2282 valere
894 2212 1045 2283 videres,

192 2328 345 2425 denique
371 2353 434 2399 eur
460 2327 544 2398 alias
569 2326 647 2398 aliis
673 2334 844 2423 praestare
871 2327 1030 2398 videmus

192 2431 423 2546 pondere'res
449 2442 553 2514 rebus
579 2442 651 2514 nilo
679 2442 807 2513 maiore
834 2443 973 2538 ligura?

93 2582 147 2636 360
191 2587 273 2633 nam
299 2561 327 2632 si
353 2559 595 2632 tantundemst
621 2559 656 2630 in
684 2557 783 2630 lanae
808 2557 961 2655 glomere
988 2569 1160 2656 qnantum

192 2676 344 2773 corporis
369 2676 405 2746 in
432 2675 580 2772 plumbo
606 2684 674 2759 ost,
701 2674 910 2746 tantundem
937 2674 1088 2770 pendere
1114 2702 1177 2772 par
1202 2685 1269 2760 cst;

193 2791 344 2889 eorporis
369 2791 556 2863 officiumst
582 2791 749 2886 quoniam
777 2815 932 2886 premere
959 2792 1077 2863 onmia
1103 2792 1285 2878 deorsum,

192 2915 309 2980 eontra
336 2922 451 2978 autem
481 2914 605 2978 natura
631 2917 748 2977 manet
773 2906 847 2977 sine
873 2905 1026 3003 pondere
1053 2907 1184 2980 inanis.

191 3048 272 3119 ergo
298 3022 394 3119 quod
420 3031 621 3118 magnumst
646 3048 756 3118 aeque
782 3021 962 3118 leviusque
988 3023 1146 3107 videtur,

94 3160 145 3212 365
191 3139 372 3223 nimirum,
400 3138 480 3235 plns
505 3164 576 3209 esse
602 3137 669 3208 sibi
696 3136 849 3208 declarat
875 3137 1006 3209 inanis:

191 3263 226 3327 at
252 3262 371 3326 contra
396 3253 535 3350 gravius
560 3252 640 3350 plus
666 3253 702 3323 in
729 3278 763 3323 se
790 3254 942 3349 eorporis
968 3279 1039 3325 esse

194 3370 333 3442 dedicat
358 3378 393 3441 et
419 3368 530 3441 multo
556 3369 657 3440 vacui
684 3368 802 3439 minus
827 3369 922 3440 intus
949 3368 1095 3442 habere.

192 3494 244 3559 est
269 3485 388 3582 igitur,
416 3485 597 3569 nimirum,
625 3484 663 3555 id
689 3484 784 3580 quod
812 3485 944 3556 ratione
970 3487 1082 3582 sagari

192 3601 406 3698 quaerimus,
434 3601 631 3674 admixtum
658 3601 772 3685 rebus,
800 3601 895 3697 quod
921 3601 1024 3673 inane
1050 3629 1230 3676 vocamus.

96 3738 149 3790 370
243 3717 339 3789 Illud
365 3718 401 3789 in
429 3718 483 3790 his
508 3718 613 3789 rebus
638 3742 682 3788 ne
708 3724 741 3788 te
768 3716 939 3788 deducere
966 3742 1044 3789 vero

195 3833 311 3931 possit,
339 3832 606 3931 quodquidam
633 3833 790 3928 fingunt,
818 3858 1038 3929 praecurrere
1065 3860 1184 3931 cogor.

140 4095 217 4160 352.
255 4116 318 4159 totas
336 4123 372 4159 sc.
392 4106 504 4159 radices
551 4093 624 4155 357.
662 4104 743 4154 scolere
762 4120 797 4154 sc.
817 4120 930 4170 corpora
950 4108 1076 4158 transire.
1123 4097 1197 4156 361.
1221 4125 1273 4176 por
1290 4119 1326 4161 est

96 4201 140 4252 le.
159 4213 279 4266 aequum
299 4200 347 4258 est,
367 4211 475 4248 necesse
493 4200 542 4246 est.
588 4181 663 4243 363.
701 4201 793 4243 antara
812 4193 898 4244 inoru'a
916 4193 1053 4262 (gen.)i.e.
1065 4198 1155 4253 inane,
1169 4187 1206 4249 τὸ
1219 4188 1323 4253 κενόν.

98 4292 155 4346 err.
173 4293 208 4346 sd
228 4310 255 4345 v.
274 4291 335 4345 281.
379 4280 454 4342 367.
492 4289 643 4342 dedicatae.
654 4288 905 4350 indicatdeclarat.
940 4279 1016 4341 370.
1046 4293 1111 4343 illud
1120 4298 1160 4345 est
1170 4296 1323 4347 subiectum

98 4382 176 4437 verbi
198 4381 283 4451 poscr’t
308 4385 335 4435 et
362 4381 500 4435 obiectum
529 4379 606 4431 verbi
629 4394 801 4446 praecurrere.
847 4365 921 4426 371.
959 4381 1063 4448 quidam
1087 4398 1122 4434 sc.
1142 4383 1323 4451 Peripatetici.

99 4470 175 4525 Idem
194 4472 252 4525 lere
269 4468 350 4525 docet
367 4468 424 4523 Cic.
442 4469 527 4523 Acad.
547 4468 608 4532 240
627 4473 653 4520 et
672 4467 764 4520 Sencc.
783 4468 845 4519 Nat.
865 4467 897 4533 Q.
917 4469 968 4530 2,7.
1191 4462 1194 4467 ’
