3106 5034
216 498 321 569 quarn
350 471 433 542 Grai
461 476 655 541 nrornorant
681 493 743 539 nec
770 475 886 539 nostra
912 466 1026 538 dicere
1052 466 1173 563 lingua

215 586 376 660 concedit
402 586 503 657 nobis
529 584 633 681 patrii
659 584 826 655 sermonis
852 589 1000 679 egestas

214 703 275 776 sed
301 713 418 774 tamen
446 702 556 798 ipsam
583 725 654 771 reni
683 698 815 771 facilest
841 723 1011 794 exponere
1037 698 1171 769 verbis.

215 817 408 915 principie,
436 841 549 887 rerurn
579 840 684 911 quarn
713 815 800 887 dicit
826 813 1125 897 honroeonrerian,

216 960 309 1018 ossa,
338 932 518 1016 videlicet,
546 957 564 1002 e
591 931 754 1027 pauxillis
780 943 884 1026 atque
912 929 1058 1000 rninutis

218 1050 349 1123 ossibus
376 1048 433 1119 liic
460 1047 563 1119 etde
589 1045 754 1144 pauxillis
780 1053 885 1140 atque
913 1044 1059 1115 minutis

217 1164 404 1237 visceribus
431 1164 542 1235 viscus
567 1162 664 1259 gigni
691 1185 916 1256 sanguenque
942 1160 1050 1232 creari

216 1281 395 1378 sanguinis
420 1281 511 1351 inter
536 1304 571 1349 se
600 1277 719 1349 inultis
745 1274 947 1347 coeuntibu'
974 1276 1084 1371 guttis

215 1423 257 1468 ex
282 1396 430 1492 aurique
457 1402 558 1492 putat
585 1393 684 1463 inicis
710 1392 895 1463 consistere
922 1416 1019 1487 posse

214 1538 341 1584 aurum
366 1520 400 1583 et
426 1511 470 1582 do
495 1511 595 1582 torris
620 1517 746 1581 terrani
774 1532 991 1580 concrescere
1018 1507 1150 1604 parviS,

215 1626 356 1723 ignibus
382 1652 422 1698 ex
449 1626 558 1723 ignis,
585 1650 743 1696 unrorern
772 1625 956 1696 unroribus
982 1649 1072 1708 esse,

216 1750 328 1814 cetera
354 1742 528 1814 oonsirnili
555 1742 657 1838 fingit
682 1741 815 1811 ratione
843 1746 1032 1837 putatque.

215 1882 278 1929 nec
304 1864 421 1929 tamen
447 1883 518 1929 esse
545 1856 737 1927 ulla'idern
764 1881 804 1927 ex
831 1863 928 1951 parte
954 1856 990 1926 in
1017 1855 1121 1926 rebus
1147 1855 1250 1927 inane
1342 1889 1400 1941 arg.
1420 1873 1446 1924 1.

216 1973 394 2058 concedit,
422 1999 535 2069 nequo
562 1972 765 2069 corporibus
792 1972 897 2043 finenr
924 1997 996 2043 esse
1021 1970 1195 2042 secandis.

217 2100 324 2185 quare
349 2089 384 2160 in
413 2096 562 2184 utraque
588 2087 676 2158 rnilri
704 2088 832 2184 pariter
859 2087 990 2159 ratione
1018 2085 1156 2158 videtur

217 2226 328 2276 errare
354 2212 459 2301 atque
485 2202 557 2287 illi,
585 2228 689 2299 supra
716 2229 802 2298 quos
829 2203 983 2274 dixiruns
1008 2211 1105 2274 ante.

221 2318 306 2391 adde
332 2319 428 2416 quod
454 2318 618 2390 inbecilla
645 2318 751 2389 nirnis
779 2316 969 2414 prirnordia
996 2317 1116 2414 fingit;

221 2433 246 2504 si
271 2434 463 2531 prirnordia
489 2444 589 2518 sunt,
617 2433 722 2505 sirnili
751 2459 841 2529 (qliae
867 2433 1026 2529 praedita
1052 2442 1210 2506 constant

218 2559 342 2622 natura
367 2560 473 2646 atque
499 2551 593 2647 ipsae
619 2575 671 2621 ros
697 2559 797 2633 sunt,
824 2574 1005 2645 aequeque
1032 2549 1191 2622 laborant

217 2674 251 2737 et
276 2676 442 2763 pereunt,
470 2691 584 2762 neque
610 2667 654 2737 ab
681 2666 786 2737 exitio
812 2691 865 2736 res
891 2665 962 2737 ulla
990 2666 1159 2737 refrenat.

215 2805 296 2852 narn
324 2781 410 2877 quid
438 2782 473 2853 in
502 2807 669 2878 oppressu
696 2781 811 2853 valido
838 2780 981 2852 durabit
1007 2806 1148 2865 eorunr,

214 2906 255 2969 ut·
281 2906 427 2969 mortenr
454 2898 616 2993 effugiat,
645 2897 704 2968 leti
732 2897 798 2968 sub
824 2896 990 2968 dentibus
1016 2896 1125 2992 ipsis?

214 3010 324 3107 ignis,
351 3038 395 3083 au
422 3038 541 3098 unior,
570 3039 612 3084 an
640 3013 748 3084 aura?
766 3011 854 3108 quid
870 3011 994 3082 horunr
1005 3011 1020 3082 Ρ
1033 3011 1174 3108 sanguis
1188 3037 1231 3083 an
1247 3012 1346 3084 ossa?

214 3125 284 3211 nil,
312 3135 352 3198 ut
376 3128 518 3224 opinor,
547 3129 608 3199 ubi
635 3155 675 3199 ox
702 3154 813 3225 aequo
839 3154 892 3201 res
917 3128 1078 3199 funditus
1104 3128 1220 3200 ornnis

213 3250 285 3312 tam
312 3243 467 3315 mortalis
492 3244 557 3316 erit
582 3269 689 3340 <quarn
716 3270 806 3340 (puae
832 3244 1014 3316 manifesta
1040 3243 1199 3315 vidernus

214 3381 256 3427 ex
282 3356 392 3429 oculis
417 3359 543 3430 nostris
568 3359 688 3456 aliqua
713 3360 747 3431 vi
773 3360 864 3432 victa
890 3360 1023 3456 perire,

215 3479 250 3543 at
275 3497 389 3568 neque
416 3474 588 3546 reccidere
614 3475 658 3546 ad
685 3475 799 3547 nilurn
826 3501 878 3547 res
905 3501 1001 3572 posse
1028 3483 1286 3572 nequeuntem

215 3612 366 3660 cresccre
392 3589 435 3661 de
462 3590 534 3661 nilo
562 3598 667 3662 testor
693 3616 746 3663 res
771 3603 851 3664 anto
878 3593 1057 3689 probatas.

215 3712 391 3799 praeterea
418 3706 585 3802 quonianr
613 3707 713 3778 cibus
739 3717 843 3804 auget
869 3733 994 3804 corpus
1020 3707 1172 3805 alitque,

126 3832 176 3886 860
215 3819 301 3891 sciro
329 3819 409 3892 licet
436 3822 537 3892 nobis
563 3847 665 3893 venas
691 3831 725 3895 ot
751 3849 903 3920 sanguen
932 3831 966 3894 ot
992 3849 1067 3894 ossa

127 3936 323 3948 —-—-

163 3992 237 4057 834·
268 4010 376 4061 Durum
396 4009 583 4061 anacoluthon
603 4009 691 4078 pipuonr
710 4012 772 4061 (licit
790 4011 804 4060 l
816 4052 821 4061 .
834 4049 857 4061 ..
877 4029 934 4063 osso
949 4019 1024 4078 putot
1040 4010 1126 4080 pipat)
1146 4028 1177 4064 eo
1194 4013 1348 4080 mitigatur,

121 4095 192 4162 quod
221 4096 293 4150 illud
319 4106 395 4167 putat
421 4098 495 4164 (839)
515 4104 569 4149 tarn
591 4098 672 4166 longo
693 4101 727 4150 al)
747 4100 798 4152 lroc
819 4117 898 4152 versu
918 4101 1009 4151 distat.
1057 4089 1132 4150 837·
1176 4101 1264 4153 Viscus
1284 4101 1347 4152 Luc.

121 4198 271 4253 numquam
290 4186 358 4238 dicit
376 4192 448 4247 exta,
468 4186 515 4237 scd
535 4186 671 4253 quidquid
693 4189 764 4238 intur
783 4205 844 4240 ossa
863 4194 888 4240 et
908 4195 996 4240 cutem
1015 4191 1070 4239 vivi
1082 4191 1261 4256 corporisest.
1282 4187 1348 4239 Caro

120 4288 175 4325 non
194 4274 299 4343 legitur
317 4277 371 4327 nisi
391 4276 469 4337 6,967
489 4280 517 4326 et
536 4276 587 4327 969
607 4276 763 4343 diciturque
783 4277 815 4328 dc
835 4293 875 4339 co,
892 4278 966 4345 quod
977 4280 1036 4346 igni
1049 4283 1156 4329 assatur
1166 4276 1209 4328 vel
1220 4278 1349 4343 coquitur

120 4362 148 4413 in
176 4379 258 4431 aqua.
304 4352 379 4413 841.
417 4365 517 4433 ignitius
535 4382 565 4416 er
583 4366 650 4433 tynis
671 4368 687 4416 i.
707 4382 729 4417 o.
749 4383 784 4417 ex
804 4368 917 4434 ignibus
937 4369 1023 4434 ignes.
1061 4353 1136 4415 848.
1173 4364 1348 4436 sipriowrdiu

119 4460 177 4505 suut
194 4453 213 4505 i.
232 4468 257 4507 c.
278 4455 301 4505 si
321 4454 433 4523 quidem
455 4453 603 4524 primordia
624 4462 694 4509 recto
713 4455 766 4506 clici
789 4462 910 4526 possunt,
930 4472 1001 4526 quae
1013 4494 1018 4507 .
