3106 5034
160 283 202 351 io

230 479 477 577 placatumque
504 482 591 554 nitet
617 483 744 556 diffuso
770 485 905 558 lumine
931 486 1077 559 caelum.

156 615 191 666 10
233 621 312 666 nam
342 596 447 668 simul
474 623 513 669 ac
539 599 670 694 species
696 600 898 696 patefactast
924 627 1029 674 verna
1054 603 1124 675 diei

229 719 263 782 et
288 720 435 783 reserata
461 713 553 808 viget
577 715 777 810 genitabilis
803 743 887 789 aura
912 719 1047 804 favoni,

231 826 342 898 adriae
369 828 524 924 primum
551 829 707 902 volucres
732 840 785 916 te,
813 832 911 918 diva,
939 842 1114 931 tuumque

230 941 428 1037 significant
454 944 582 1015 initum
611 946 788 1041 perculsae
814 948 919 1020 corda
943 958 1005 1021 tua.
1031 950 1082 1021 vi.

157 1076 191 1126 15
235 1057 317 1129 inde
343 1058 434 1130 ferae
460 1060 612 1156 pecudes
637 1061 831 1157 persultant
856 1063 987 1160 pabula
1012 1064 1101 1136 laeta

157 1195 191 1245 14
233 1182 267 1244 et
292 1174 432 1270 rapidos
458 1183 597 1247 tranant
623 1177 754 1248 amnis:
782 1178 831 1250 ita
857 1188 957 1275 capta
984 1179 1100 1276 lepore

156 1307 190 1357 16
230 1295 264 1358 te
290 1290 449 1385 sequitur
475 1290 602 1386 cupide
629 1317 699 1388 quo
725 1318 903 1389 quamque
929 1293 1096 1365 inducere
1122 1294 1254 1390 pergis.

230 1403 383 1500 denique
409 1430 471 1501 per
497 1406 606 1478 maria
632 1432 671 1478 ac
698 1408 825 1479 montis
850 1408 1045 1504 fluviosque
1071 1409 1204 1504 rapacis

231 1519 507 1617 frondiferasque
534 1521 655 1594 domos
680 1524 798 1595 avium
825 1549 1035 1620 camposque
1061 1524 1202 1596 virentis

228 1635 393 1706 omnibus
419 1635 593 1709 incutiens
619 1638 790 1710 blandum
817 1665 879 1736 per
905 1647 1043 1735 pectora
1070 1664 1224 1710 amorem

156 1768 190 1819 20
231 1750 338 1821 efficis
364 1758 404 1822 ut
430 1751 559 1847 cupide
584 1754 774 1848 generatim
802 1754 912 1826 saecla
938 1763 1149 1852 propagent.

228 1890 317 1960 quae
344 1866 510 1962 quoniam
537 1891 654 1938 rerum
682 1877 842 1940 naturam
869 1868 939 1940 sola
964 1869 1138 1966 gubernas

228 2005 291 2051 nec
317 1980 390 2052 sine
416 1990 450 2053 te
477 1985 668 2081 quicquam
695 1984 770 2054 dias
796 1984 831 2055 in
859 1984 1005 2055 luminis
1031 2010 1107 2056 oras

227 2096 380 2168 exoritur
406 2123 519 2195 neque
545 2101 585 2172 fit
610 2099 738 2171 laetum
767 2125 881 2196 neque
908 2099 1058 2172 amabile
1084 2099 1275 2197 quicquam

226 2219 260 2282 te
285 2212 413 2283 sociam
439 2214 562 2286 studeo
588 2214 780 2286 scribendis
806 2214 960 2287 versibus
985 2240 1074 2300 esse,

155 2346 188 2396 25
230 2352 317 2422 quos
342 2353 405 2424 ego
432 2328 475 2400 de
501 2355 618 2402 rerum
646 2339 770 2402 natura
796 2356 946 2427 pangere
973 2355 1077 2402 conor

160 2516 360 2524 -—-·—-—-

200 2676 243 2737 10.
283 2703 348 2739 voce
363 2687 498 2756 patefacta
517 2688 618 2739 mensis
629 2686 734 2755 Aprilis
746 2688 831 2738 facete
841 2685 1120 2754 significarividetur.
1150 2673 1191 2734 12.
1216 2687 1381 2753 primum...

154 2777 244 2829 deinde
263 2782 318 2828 tam
338 2777 539 2828 enumerationi
558 2777 691 2828 inservire
710 2792 793 2842 quarn
814 2775 921 2826 diversa
940 2779 1063 2842 tempora
1082 2773 1203 2826 indicare
1214 2775 1304 2827 solent
1315 2775 1382 2838 ;h.l.

156 2872 304 2933 utrumque
325 2867 362 2916 nt.
399 2865 515 2917 Primam
535 2903 541 2915 .
562 2903 568 2915 .
588 2903 594 2915 .
614 2865 673 2917 inde
692 2864 765 2932 apud
785 2864 848 2916 Luc.
868 2880 922 2916 non
935 2863 1382 2931 nisidiversatemporaindieant.

155 2943 195 3004 13.
223 2956 363 3022 perculsae.
383 2953 439 3006 cfr.
458 2954 548 3005 Plaut.
567 2954 644 3006 Trin.
664 2953 714 3005 242
734 2953 807 3005 Nam
825 2954 870 3022 qai
887 2961 966 3016 urrant,
985 2951 1052 3020 quod
1069 2959 1148 3015 amat,
1167 2967 1240 3019 quom
1264 2951 1382 3017 exteomlo

154 3044 206 3095 eiua
233 3043 313 3095 sociis
336 3044 467 3110 parcebas
494 3051 536 3094 eat.
575 3031 616 3092 15.
648 3042 727 3110 serae
754 3059 790 3094 sc.
819 3057 919 3104 amore,
940 3041 1053 3093 Veneris
1072 3039 1201 3092 stimulis.
1223 3069 1254 3076 -
1274 3037 1329 3090 Cic.
1349 3038 1382 3090 de

158 3131 203 3183 Or.
223 3132 318 3193 3,155:
341 3127 442 3186 alcetas
461 3137 566 3199 segetes
585 3133 667 3182 etiarn
687 3132 781 3182 rustici
801 3129 923 3181 dieunt.'’
962 3119 1002 3179 10.
1035 3131 1122 3198 pergis
1141 3132 1184 3181 ie.
1205 3144 1259 3181 non
1271 3127 1383 3180 desinis.

159 3210 199 3271 Ι7.
237 3222 343 3290 denique
370 3221 417 3273 inl.
436 3227 470 3278 ¹et
489 3222 550 3283 176
569 3221 627 3288 (qui
649 3237 742 3272 versus
759 3221 832 3284 ¹idem
852 3225 894 3272 est
912 3236 942 3271 ac
961 3220 1049 3282 1,595.
1069 3218 1137 3280 5,89.
1157 3216 1228 3286 6,65)
1247 3217 1384 3284 significat

157 3320 185 3362 ut
206 3311 299 3378 poncia
327 3311 464 3373 absolvam,
488 3327 518 3361 oe
541 3311 628 3377 ploro.
666 3308 769 3361 Ceteris
796 3314 888 3361 autem
908 3309 975 3361 locis
993 3301 1127 3359 Luc.'hae
1147 3322 1211 3359 voce
1230 3307 1318 3356 utitur
1337 3306 1384 3367 ita,

159 3406 190 3452 ut
220 3399 390 3470 [saepissime
420 3395 629 3467 paenultimam,
650 3398 787 3450 interdum
809 3396 949 3467 ultimum]
971 3389 1163 3464 argumentum
1184 3395 1302 3447 aliamve
1327 3410 1384 3445 rem

159 3505 219 3540 curn
241 3488 467 3554 antecedentibus
486 3493 609 3540 conectat
628 3493 654 3539 et
672 3489 964 3555 significet'proeterea‚
979 3502 1065 3554 porro.
1103 3471 1157 3533 20.
1194 3485 1303 3536 auectam
1317 3483 1385 3554 [qua

159 3579 247 3630 forma
275 3575 338 3628 Luc.
367 3591 473 3643 semper
502 3577 597 3638 utitur,
626 3592 680 3628 non
708 3573 848 3644 saecolum]
870 3575 1009 3642 significat
1028 3574 1136 3641 proprie
1156 3573 1184 3624 id
1201 3573 1269 3641 quod
1285 3573 1384 3634 amiur,

160 3671 190 3718 ut
218 3664 339 3717 iaculum
368 3664 395 3715 id
425 3664 499 3731 quod
528 3666 643 3726 iacitur3
669 3663 785 3715 deinde:
806 3663 830 3714 1.
850 3663 993 3714 hominum
1014 3667 1096 3729 atque
1115 3661 1277 3713 animalium
1298 3677 1385 3730 genus

158 3771 189 3807 ae
215 3755 330 3816 subolem,
360 3758 389 3805 ut
408 3753 456 3804 h.l.
493 3754 517 3804 2.
536 3753 639 3820 speciem
660 3758 687 3804 et
711 3768 798 3820 genus
817 3768 917 3814 rerum,
937 3755 967 3802 ut
986 3750 1090 3814 2,1079.
1109 3751 1188 3802 1113.
1225 3752 1250 3802 3.
1269 3759 1385 3813 aetaaern,

154 3862 203 3912 per
220 3860 296 3912 quom
314 3843 375 3893 cinit
391 3843 518 3894 saeculam
537 3842 664 3893 bornicum
683 3843 712 3892 in
732 3840 859 3903 formula,
879 3856 949 3907 quae
969 3846 1025 3892 est:
1045 3839 1148 3908 (oculta)
1166 3840 1271 3891 vivendo
1289 3840 1386 3890 aiacem

159 3931 288 4000 (condere)
306 3932 390 3983 saeclo
409 3931 496 3993 1202.
516 3931 603 3992 3,948.
623 3930 700 3981 1090.
738 3929 840 3982 Eodem
851 3928 932 3982 modo
945 3929 1083 3998 Vergilius
1094 3929 1249 3981 Lucretium
1261 3930 1384 3979 imitatus

160 4020 259 4088 Georg.
283 4020 360 4082 2395
380 4022 457 4071 crinito
476 4020 557 4070 viram
576 4020 673 4070 volvens
692 4019 809 4070 durando
827 4019 928 4071 saecula
947 4019 1031 4070 vincit.
1060 4006 1120 4082 23.
1159 4019 1206 4069 nst
1221 4016 1346 4086 gradatio
1356 4017 1385 4065 in

160 4109 251 4161 verbis
270 4110 361 4160 loetum
379 4109 463 4176 (quod
485 4108 573 4176 placet
591 4108 689 4176 oculis)
708 4112 735 4160 et
753 4108 862 4160 amabile
879 4108 964 4175 (quod
984 4110 1107 4160 animum
1127 4106 1237 4174 movet).
1274 4093 1327 4154 25.
1347 4104 1387 4155 De

160 4215 243 4249 rerum
262 4206 354 4248 natura
374 4198 533 4249 inscribitur
552 4213 660 4249 carmen
681 4197 883 4259 Lucretianum,
903 4213 959 4265 quo
970 4198 1091 4250 illustrat
1101 4198 1254 4250 doctrinam
1265 4197 1386 4264 Epicuri,

161 4299 209 4365 qui
241 4300 349 4365 scripsit
374 4298 406 4349 37
427 4297 513 4350 libros
532 4284 607 4372 περὶ
632 4286 767 4370 φύσεως,
788 4313 905 4364 qnorum
925 4298 1079 4365 fragmenta
1098 4296 1262 4348 Herculanei
1282 4300 1388 4362 reperta

161 4403 233 4449 sunt.
253 4427 287 4434 -
306 4397 419 4448 Festus:
441 4411 565 4463 ›fpoopere
585 4395 676 4462 figere,
696 4393 769 4446 unde
789 4394 899 4461 plantae
919 4397 1002 4464 pangi
1023 4394 1161 4457 dicuntur,
1172 4411 1235 4446 cum
1245 4395 1274 4445 in
1286 4399 1386 4445 terram

161 4486 362 4550 demittuntur3
382 4485 446 4537 inde
466 4486 547 4536 etiam
568 4499 661 4535 versus
682 4483 764 4551 pungi
786 4482 829 4534 vel
849 4484 896 4552 figi
916 4484 945 4534 in
965 4501 1024 4536 cera
1044 4482 1200 4535 dicuntur.''
